\RequirePackage{filecontents}
\begin{filecontents*}{references.bib}  % writes bib file.
@misc{agirre01enriching,
  author = {Eneko Agirre and Olatz Ansa and David Martinez and Eduard Hovy},
  title = {{Enriching WordNet Concepts with Topic Signatures}},
  year = 2001,
  note = {ArXiv Computer Science Preprint},
}

@inproceedings{agirre03clustering,
  title={Clustering wordnet word senses},
  author={Agirre, E. and De Lacalle, O.L.},
  booktitle={RANLP},
  volume={260},
  pages={121--130},
  year={2003}
}


@inproceedings{agirre06ubc,
author = {Eneko Agirre and Aitor Soroa},
title = {{UBC-AS: A Graph Based Unsupervised System for Induction and Classification}},
booktitle = {Proceedings of the Fourth International Workshop on Semantic Evaluations (SemEval-2007)},
year =  {2007}
}

@inproceedings{agirre2006two,
  title={Two graph-based algorithms for state-of-the-art WSD},
  author={Agirre, E. and Mart{\'\i}nez, D. and de Lacalle, O.L. and Soroa, A.},
  booktitle={Proceedings of the 2006 Conference on Empirical Methods in Natural Language Processing},
  pages={585--593},
  year={2006},
  organization={Association for Computational Linguistics}
}

@inproceedings{agirre06evaluating,
  title={{Evaluating and optimizing the parameters of an unsupervised graph-based WSD algorithm}},
  author={Eneko Agirre and David Mart{\'\i}nez and Oier {\'o} de Lacalle and Aitor Soroa},
  booktitle={Proceedings of TextGraphs: the First Workshop on Graph Based Methods for Natural Language Processing},
  pages={89--96},
  year={2006},
  organization={Association for Computational Linguistics}
}

@inproceedings{agirre07semeval,
  author = {Eneko Agirre and Aitor Soroa},
  title = {Semeval-2007 task 02: {E}valuating word sense induction and discrimination systems},
  booktitle = {Proceedings of the Fourth International Workshop on Semantic Evaluations},
  pages = {7--12},
  location = {Prague, Czech Republic},
  month = {June},
  year = 2007,
  publisher = {A{C}{L}},
}

@inproceedings{agirre08robustness,
  title={On robustness and domain adaptation using SVD for word sense disambiguation},
  author={Agirre, Eneko and de Lacalle, Oier Lopez},
  booktitle={Proceedings of the 22nd International Conference on Computational Linguistics-Volume 1},
  pages={17--24},
  year={2008},
  organization={Association for Computational Linguistics}
}

@inproceedings{agirre09personalizing,
  title={Personalizing pagerank for word sense disambiguation},
  author={Agirre, Eneko and Soroa, Aitor},
  booktitle={Proceedings of the 12th Conference of the European Chapter of the Association for Computational Linguistics},
  pages={33--41},
  year={2009},
  organization={Association for Computational Linguistics}
}

@article{ahn10link,
  title={{Link communities reveal multiscale complexity in networks}},
  author={Ahn, Y.Y. and Bagrow, J.P. and Lehmann, S.},
  journal={Nature},
  volume={466},
  number={7307},
  pages={761--764},
  issn={0028-0836},
  year={2010},
  publisher={Nature Publishing Group}
}

@inproceedings{akkaya10amazon,
  title={Amazon mechanical turk for subjectivity word sense disambiguation},
  author={Akkaya, C. and Conrad, A. and Wiebe, J. and Mihalcea, R.},
  booktitle={Proceedings of the NAACL HLT 2010 Workshop on Creating Speech and Language Data with Amazon's Mechanical Turk},
  pages={195--203},
  year={2010},
  organization={Association for Computational Linguistics}
}

@article{albatineh06similarity,
  title={On similarity indices and correction for chance agreement},
  author={Albatineh, A.N. and Niewiadomska-Bugaj, M. and Mihalko, D.},
  journal={Journal of Classification},
  volume={23},
  number={2},
  pages={301--313},
  year={2006},
  publisher={Springer}
}

@article{alfonseca02extending,
  title={{Extending a lexical ontology by a combination of distributional semantics signatures}},
  author={Enrique Alfonseca and Suresh Manandhar},
  journal={Knowledge Engineering and Knowledge Management: Ontologies and the Semantic Web},
  pages={281--293},
  publisher={Springer},
  year = 2002,
}

@inproceedings{al06using,
  title={{Using MEDLINE as Standard Corpus for Measuring Semantic Similarity in the Biomedical Domain}},
  author={Al-Mubaid, H. and Nguyen, HA},
  booktitle={Sixth IEEE Symposium on BioInformatics and BioEngineering, 2006. BIBE 2006},
  pages={315--318},
  year={2006}
}

@article{agarwal10automatically,
  title={{Automatically Classifying the Role of Citations in Biomedical Articles}},
  author={Agarwal, S. and Choubey, L. and Yu, H.}
}

@article{aljaber09document,
  title={{Document clustering of scientific texts using citation contexts}},
  author={Bader Aljaber and Nicola Stokes and James Bailey and Jian Pei},
  journal={Information Retrieval},
  volume={13},
  number={2},
  pages={101--131},
  issn={1386-4564},
  year={2009},
  publisher={Springer}
}

@inproceedings{amatriain09wisdom,
  title={The wisdom of the few: a collaborative filtering approach based on expert opinions from the web},
  author={Amatriain, X. and Lathia, N. and Pujol, J.M. and Kwak, H. and Oliver, N.},
  booktitle={Proceedings of the 32nd international ACM SIGIR conference on Research and development in information retrieval},
  pages={532--539},
  year={2009},
  organization={ACM}
}

@article{andrews09integrating,
  author = {Mark Andrews, Gabriella Vigliocco},
  title = {Integrating Experiential and Distributional Data to Learn Semantic
    Representations},
  journal = {Psychological Review},
  volume = 116,
  issue = 3,
  pages = {463--498},
  year = 2009,
}

@inproceedings{agichtein00snowball,
  title={{Snowball: Extracting relations from large plain-text collections}},
  author={E. Agichtein and L. Gravano},
  booktitle={Proceedings of the fifth ACM conference on Digital libraries},
  pages={85--94},
  year={2000},
  organization={ACM}
}

@article{amigo09comparison,
  title={A comparison of extrinsic clustering evaluation metrics based on formal constraints},
  author={Amig{\'o}, Enrique and Gonzalo, Julio and Artiles, Javier and Verdejo, Felisa},
  journal={Information Retrieval},
  volume={12},
  number={4},
  pages={461--486},
  year={2009},
  publisher={Springer}
}

@article{anderson10comparing,
  title={Comparing fuzzy, probabilistic, and possibilistic partitions},
  author={Anderson, D.T. and Bezdek, J.C. and Popescu, M. and Keller, J.M.},
  journal={Fuzzy Systems, IEEE Transactions on},
  volume={18},
  number={5},
  pages={906--918},
  year={2010},
  publisher={IEEE}
}

@article{arenas07size,
  title={Size reduction of complex networks preserving modularity},
  author={Arenas, A. and Duch, J. and Fern{\'a}ndez, A. and G{\'o}mez, S.},
  journal={New Journal of Physics},
  volume={9},
  pages={176},
  year={2007},
  publisher={IOP Publishing}
}

@article{arenas08motif,
  title={Motif-based communities in complex networks},
  author={Arenas, A. and Fernandez, A. and Fortunato, S. and Gomez, S.},
  journal={Journal of Physics A: Mathematical and Theoretical},
  volume={41},
  pages={224001},
  year={2008},
  publisher={IOP Publishing}
}

@article{artiles07semeval,
  title={The semeval-2007 weps evaluation: Establishing a benchmark for the web people search task},
  author={Artiles, J. and Gonzalo, J. and Sekine, S.},
  journal={Proceedings of Semeval},
  pages={64--69},
  year={2007}
}

@inproceedings{artiles09role,
  author = {Javier Artiles and Enrique Amig\'{o} and Julio Gonzalo},
  year = 2009,
  title = {The role of named entities in web people search},
  booktitle = {Proceedings of EMNLP},
  pages = {534--542},
  organization={Association for Computational Linguistics}
}

@inproceedings{artiles09weps,
  title={Weps 2 evaluation campaign: overview of the web people search clustering task},
  author={Artiles, J. and Gonzalo, J. and Sekine, S.},
  booktitle={2nd Web People Search Evaluation Workshop (WePS 2009), 18th WWW Conference},
  year={2009}
}

@inproceedings{arthur07KMeansPlusPlus,
 author = {Arthur, David and Vassilvitskii, Sergei},
 title = {k-means++: the advantages of careful seeding},
 booktitle = {Proceedings of the eighteenth annual ACM-SIAM symposium on Discrete algorithms},
 series = {SODA '07},
 year = {2007},
 isbn = {978-0-898716-24-5},
 location = {New Orleans, Louisiana},
 pages = {1027--1035},
 numpages = {9},
 url = {http://portal.acm.org/citation.cfm?id=1283383.1283494},
 acmid = {1283494},
 publisher = {Society for Industrial and Applied Mathematics},
 address = {Philadelphia, PA, USA},
} 

@article{artstein08inter,
  title={Inter-coder agreement for computational linguistics},
  author={Artstein, R. and Poesio, M.},
  journal={Computational Linguistics},
  volume={34},
  number={4},
  pages={555--596},
  year={2008},
  publisher={MIT Press}
}

@article{atkins93tools,
  author = {Atkins, B. T. S.},
  year=1993,
  title={Tools for computer-aided corpus lexicography: the Hector project},
  journal={Acta Linguistica Hungarica},
  volume =41
}

@inproceedings{bachrach2012crowd,
  title={Crowd IQ: aggregating opinions to boost performance},
  author={Bachrach, Y. and Graepel, T. and Kasneci, G. and Kosinski, M. and Van Gael, J.},
  booktitle={Proceedings of the 11th International Conference on Autonomous Agents and Multiagent Systems-Volume 1},
  pages={535--542},
  year={2012},
  organization={International Foundation for Autonomous Agents and Multiagent Systems}
}

@inproceedings{bagga98algorithms,
  title={Algorithms for scoring coreference chains},
  author={Amit Bagga and Breck Baldwin},
  booktitle={Proceedings of the Linguistic Coreference Workshop at LRECâ98},
  pages={563--566},
  year={1998},
  organization={Citeseer}
}

@inproceedings{balamurali11harnessing,
  title={Harnessing WordNet senses for supervised sentiment classification},
  author={Balamurali, AR and Joshi, A. and Bhattacharyya, P.},
  booktitle={Proceedings of the Conference on Empirical Methods in Natural Language Processing},
  pages={1081--1091},
  year={2011},
  organization={Association for Computational Linguistics}
}

@inproceedings{baker98berkeley,
  author = {Collin F. Baker and Charles J. Fillmore and John B. Lowe},
  year = 1998,
  title = {The {B}erkeley {F}ramenet {P}roject},
  booktitle = {Proceedings of the COLING-ACL â98 Conference},
  pages = {86--90},
  publisher = {Association for Computational Linguistics},
}

@article{ball11efficient,
  author = {Ball, Brian and Karrer, Brian and Newman, M. E. J.},
  volume = {84},
  journal = {Physical Review E},
  month = {Sep},
  numpages = {13},
  title = {Efficient and principled method for detecting communities in networks},
  year = {2011},
  url = {http://link.aps.org/doi/10.1103/PhysRevE.84.036103},
  doi = {10.1103/PhysRevE.84.036103},
  issue = {3},
  publisher = {American Physical Society},
  pages = {036103}
}

@inproceedings{banko07open,
  title={{Open Information Extraction from the Web}},
  author={Michele Banko and Michael J. Cafarella and Stephen Soderland and Matt Broadhead and Oren Etzioni},
  booktitle={Proceedings of the International Joint Conference on Artificial Intelligence},
  year={2007}
}

@conference{banko08tradeoffs,
  title={{The tradeoffs between open and traditional relation extraction}},
  author={Michele Banko and Oren Etzioni},
  booktitle={Proceedings of the 46th Annual Meeting of the Association for Computational Linguistics (ACL-08)},
  pages={28--36},
  year={2008},
}

@inproceedings{baroni07isa,
  author = {Marco Baroni and Alessandro Lenci and Luca Onnis},
  year = 2007,
  title = {ISA meets Lara: A fully incremental word space model for cognitively plausible simulations of semantic learning},
  booktitle = {Proceedings of the 45th Meeting of the Association for Computational Linguistics},
} 

@article{baroni08concepts,
  author = {Marco Baroni and Alessandro Lenci},
  year = 2008,
  title = {Concepts and properties in word spaces},
  editor = {Alessandro Lenci},
  journal = {From context to meaning: Distributional models of the lexicon in linguistics and cognitive science (Special issue of the Italian Journal of Linguistics)},
  number = 20,
  volume = 1,
  pages = {55--88},
}

@inproceedings{baroni09one,
  title={{One distributional memory, many semantic spaces}},
  author={Marco Baroni and Alessandro Lenci},
  booktitle={Proceedings of the Workshop on Geometrical Models of Natural Language Semantics},
  pages={1--8},
  year={2009},
  organization={Association for Computational Linguistics}
}

@article{baroni10strudel,
  author = {Marco Baroni and Brian Murphy and Eduard Barbu and Massimo Poesio},
  title = {Strudel: A corpus-based semantic model based on properties and types},
  journal = {Cognitive Science},
  year = {2010},
  volume = 34, 
  pages = {222--254},
}

@article{baroni09wacky,
  author = {Marco Baroni and Silvia Bernardini and Adriano Ferraresi and Eros Zanchetta},
  year = 2009,
  title = {The {W}a{C}ky Wide Web: A Collection of Very Large Linguistically Processed Web-Crawled Corpora},
  journal = {Language Resources and Evaluation},
  volume = 43,
  number = 3,
  pages = {209-226},
}

@inproceedings{basile08combining,
  author = {Pierpaolo Basile and Marco de Gemmis and Pasquale Lops and Giovanni Semeraro},
  title = {Combining knowledge-based methods and supervised learning for effective Italian word sense disambiguation},
  booktitle = {STEP '08: Proceedings of the 2008 Conference on Semantics in Text Processing},
  year = {2008},
  pages = {5--16},
  location = {Venice, Italy},
  publisher = {Association for Computational Linguistics},
  address = {Morristown, NJ, USA},
}

@inproceedings{baskaya13ai,
  title={AI-KU: Using Substitute Vectors and Co-Occurrence Modeling for Word Sense Induction and Disambiguation},
  author={Baskaya, Osman and Sert, Enis and Cirik, Volkan and Yuret, Deniz},
  booktitle={Proceedings of the Second Joint Conference on Lexical and Computational Semantics (*SEM), Volume 2: Seventh International Workshop on Semantic
Evaluation (SemEval 2013)},
  year=2013,
  pages={300--306},
}

@article{bayerl11what,
  title={What determines inter-coder agreement in manual annotations? a meta-analytic investigation},
  author={Bayerl, Petra S. and Paul, Karsten I.},
  journal={Computational Linguistics},
  volume={37},
  number={4},
  pages={699--725},
  year={2011},
  publisher={MIT Press}
}

@article{baym04social,
  title={Social interactions across media},
  author={Baym, N.K. and Zhang, Y.B. and Lin, M.C.},
  journal={New Media \& Society},
  volume={6},
  number={3},
  pages={299},
  year={2004},
  publisher={Sage Publications}
}

@inproceedings{belkin02laplacian,
  author = {Mikhail Belkin and Partha Niyogi},
  title = {Laplacian {E}igenmaps and {S}pectral {T}echniques for {E}mbedding and {C}lustering},
  booktitle = {Advances in Neural Information Processing Systems},
  number = 14,
  year = 2002,
}

@inproceedings{berland99finding,
  author = {M. Berland and E. Charniak},
  title = {Finding parts in very large corpora},
  booktitle = {Proceedings of the Association of Computational Linguistics},
  pages = {57--64},
  year = 1999,
}

@inproceedings{bernstein10soylent,
  title={Soylent: a word processor with a crowd inside},
  author={Bernstein, Michael S. and Little, Ggreg and Miller, Robert C. and Hartmann, Bj\"{o}n and Ackerman, Mark S. and Karger, David R. and Crowell, David and Panovich, Katrina},
  booktitle={Proceedings of the 23nd annual ACM symposium on User interface software and technology (UIST)},
  pages={313--322},
  year={2010},
  organization={ACM}
}

@inproceedings{bhardwaj2010anveshan,
  title={Anveshan: a framework for analysis of multiple annotators' labeling behavior},
  author={Bhardwaj, V. and Passonneau, R.J. and Salleb-Aouissi, A. and Ide, N.},
  booktitle={Proceedings of the Fourth Linguistic Annotation Workshop},
  pages={47--55},
  year={2010},
  organization={Association for Computational Linguistics}
}

@inproceedings{bicici06clustering,
  author = {Ergun Bicici and Deniz Yuret},
  year = 2006,
  title = {Clustering word pairs to answer analogy questions},
  booktitle = {Proceedings of the Fifteenth Turkish Symposium on Artificial Intelligence and Neural Networks (TAINN 2006)},
} 

@inproceedings{biemann06chinese,
  title={Chinese whispers: an efficient graph clustering algorithm and its application to natural language processing problems},
  author={Chris Biemann},
  booktitle={Proceedings of the First Workshop on Graph Based Methods for Natural Language Processing},
  pages={73--80},
  year={2006},
  organization={Association for Computational Linguistics}
}

@article{biemann09networks,
  title={Networks generated from natural language text},
  author={Biemann, C. and Quasthoff, U.},
  journal={Dynamics on and of Complex Networks},
  pages={167--185},
  year={2009},
  publisher={Springer}
}

@inproceedings{biemann10crowdsourcing,
  title={Crowdsourcing WordNet},
  author={Biemann, C. and Nygaard, V.},
  year=2010,
  booktitle={Proceedings of the 5th Global WordNet Conference},
}

@inproceedings{biemann12turk,
  title={Turk Bootstrap Word Sense Inventory 2.0: A Large-Scale Resource for Lexical Substitution},
  author={Biemann, C.},
  year=2012,
  booktitle={LREC}
}

@inproceedings{bird08acl,
  author = {Steven Bird and Robert Dale and Bonnie Dorr and Bryan Gibson and Mark Joseph and Min-Yen Kan and Dongwon Lee and Brett Powley and Dragomir Radev and Yee Fan Tan},
  year = 2008,
  title = {{The ACL Anthology Reference Corpus: A Reference Dataset for Bibliographic Research in Computational Linguistics}},
  booktitle = {Proceedings of Language Resources and Evaluation Conference (LREC 08)},
  location = {Marrakesh, Morocco},
  month = {May},
}

@article{blei03latent,
  title={{Latent dirichlet allocation}},
  author={David M. Blei and Andrew Y. Ng and Michael I. Jordan},
  journal={The Journal of Machine Learning Research},
  volume={3},
  pages={993--1022},
  issn={1532-4435},
  year={2003},
}

@article{blei11introduction,
  title={Introduction to probabilistic topic models},
  author={Blei, David M.},
  journal={Communications of the ACM},
  pages={1--16},
  year={2011}
}

@conference{boleda07modelling,
  title={{Modelling polysemy in adjective classes by multi-label classification}},
  author={Boleda, G. and im Walde, S.S. and Badia, T.},
  booktitle={Proceedings of the 2007 Joint Conference on Empirical Methods in Natural Language Processing and Computational Natural Language Learning (EMNLP-CoNLL)},
  pages = {171--180},
  year={2007}
}

@conference{bollegala09measuring,
  title={{Measuring the similarity between implicit semantic relations from the web}},
  author={Danushka Bollegala and Yutaka Matsuo and Mitsuru Ishizuka},
  booktitle={Proceedings of the 18th international conference on World wide web},
  pages={651--660},
  year={2009},
  organization={ACM}
}

@inproceedings{bordag06word,
  author = {Stefan Bordag},
  year = 2006,
  title = {{Word sense induction: Triplet-based clustering and automatic evaluation}},
  booktitle = {{Proceedings of the 11th EACL}},
  location = {Trento, Italy},
  pages = {137--144},
}

@inproceedings{braverman11streaming,
  author = {Vladimir Braverman and Adam Meyerson and Rafail Ostrovsky and Alan Roytman and Michael Shindler and Brian Tagiku},
  title = {{Streaming k-means on Well-Clusterable Data}},
  booktitle = {Proceedings of SODA 2011},
  year = 2011,
}

@inproceedings{brin98extracting,
  author = {Sergey Brin},
  title = {{Extracting patterns and relations from the World-Wide Web}},
  booktitle = {Proceedings of the 1998 International Workshop on the Web and Databases (WebDB'98)},
  year = 1998,
}

@inproceedings{brody06ensemble,
  title={Ensemble methods for unsupervised WSD},
  author={Brody, Samuel and Navigli, Roberto and Lapata, Mirella},
  booktitle={Proceedings of the 21st International Conference on Computational Linguistics and the 44th annual meeting of the Association for Computational Linguistics},
  pages={97--104},
  year={2006},
  organization={Association for Computational Linguistics}
}

@inproceedings{brody09bayesian,
  author = {Samuel Brody and Mirella Lapata},
  title = {Bayesian word sense induction},
  booktitle = {Proceedings of the 12th Conference of the European Chapter of the Association for Computational Linguistics},
  pages = {103--111},
  year = 2009,
}

@inproceedings{brown10number,
  author = {Susan Windisch Brown and Travis Rood and Martha Palmer},
  title = {Number or Nuance: Which Factors Restrict Reliable Word Sense Annotation?},
  booktitle = {Proceedings of the Seventh International Conference on Language Resources and Evaluation (LREC'10)},
  year = {2010},
  month = {may},
  date = {19-21},
  address = {Valletta, Malta},
  editor = {Nicoletta Calzolari (Conference Chair) and Khalid Choukri and Bente Maegaard and Joseph Mariani and Jan Odijk and Stelios Piperidis and Mike Rosner and Daniel Tapias},
  publisher = {European Language Resources Association (ELRA)},
  isbn = {2-9517408-6-7},
  language = {english}
 }

@article{brouwer09extending,
  title={Extending the rand, adjusted rand and jaccard indices to fuzzy partitions},
  author={Brouwer, R.K.},
  journal={Journal of Intelligent Information Systems},
  volume={32},
  number={3},
  pages={213--235},
  year={2009},
  publisher={Springer}
}

@article{bullinaria07extracting,
  author = {John A. Bullinaria and Joseph P. Levy},
  title = {Extracting semantic representations from word co-occurrence statistics: a computational study},
  journal = {Behavior Research Methods},
  volume = 39,
  year = 2007,
  pages = {510--526},
}

@conference{bunescu05shortest,
  title={{A shortest path dependency kernel for relation extraction}},
  author={Bunescu, R.C. and Mooney, R.J.},
  booktitle={Proceedings of the conference on Human Language Technology and Empirical Methods in Natural Language Processing},
  pages={724--731},
  year={2005},
  organization={Association for Computational Linguistics}
}

@inbook{bunescu07extracting,
  title={{Extracting relations from text: From word sequences to dependency paths}},
  author={Bunescu, R. and Mooney, R.},
  booktitle={Natural Language Processing and Text Mining},
  editor={A. Kao and S. Poteet},
  pages={29--44},
  year={2007},
  publisher={Springer}
}

@inproceedings{burchardt06salsa,
  title={The SALSA corpus: a German corpus resource for lexical semantics},
  author={Burchardt, Aljoscha and Erk, Katrin and Frank, Anette and Kowalski, Andrea and Pad{\'o}, Sebastian and Pinkal, Manfred},
  year = 2006,
  booktitle={Proceedings of LREC},
}

@article{burgess97modeling,
  author = {Curt Burgess and Kevin Lund},
  year = 1997,
  title = {Modeling parsing constraints with high-dimensional context space},
  journal = {Language and Cognitive Processes},
  volume = 12,
  issue = {2-3},
  pages = {177â210},
}

@inproceedings{burton09icwsm,
  author = {K. Burton and A. Java and I. Soboroff},
  title = {The {I}{C}{W}{S}{M} 2009 {S}pinn3r {D}ataset},
  booktitle = {Proceedings of the Third Annual Conference on Weblogs and Social Media (ICWSM 2009)},
  location = {San Jose, CA},
  month = {May},
  year = 2009,
}

@conference{butnariu09semeval,
  title={{Semeval-2 task 9: The interpretation of noun compounds using paraphrasing verbs and prepositions}},
  author={Cristina Butnariu and and Su Nam Kim and Preslav Nakov and Diarmuid {\'O}. S{\'e}aghdha and Stan Szpakowicz and Tony Veale},
  booktitle={Proc. of the NAACL HLT Workshop on Semantic Evaluations: Recent Achievements and Future Directions},
  year={2009}
}

@article{campello07fuzzy,
  title={A fuzzy extension of the Rand index and other related indexes for clustering and classification assessment},
  author={Campello, Ricardo J.G.B.},
  journal={Pattern Recognition Letters},
  volume={28},
  number={7},
  pages={833--841},
  year={2007},
  publisher={Elsevier}
}

@article{cancho01small,
author = {Cancho, Ramon Ferrer i and Sol{\'e}, Richard V.}, 
title = {The small world of human language}, 
volume = {268}, 
number = {1482}, 
pages = {2261-2265}, 
year = {2001}, 
journal = {Proceedings of the Royal Society of London. Series B: Biological Sciences} 
}
@inproceedings{carlson09coupling,
  title={{Coupling semi-supervised learning of categories and relations}},
  author={Andrew Carlson and Justin Betteridge and Estevam R. Hruschka Jr. and Tom M. Mitchell},
  booktitle={Proceedings of the NAACL HLT 2009 Workshop on Semi-Supervised Learning for Natural Language Processing},
  pages={1--9},
  year={2009},
  organization={Association for Computational Linguistics}
}

@inproceedings{carpuat07improving,
  title={Improving statistical machine translation using word sense disambiguation},
  author={Carpuat, M. and Wu, D.},
  booktitle={Proceedings of the 2007 Joint Conference on Empirical Methods in Natural Language Processing and Computational Natural Language Learning (EMNLP-CoNLL)},
  pages={61--72},
  year={2007}
}


@inproceedings{chambers10improving,
  author = {Nathanael Chambers and Dan Jurafsky},
  title = {{Improving the Use of Pseudo-Words for Evaluating Selectional Preferences}},
  booktitle = {ACL 2010},
  location = {Uppsala, Sweden},
  year = 2010,
}

@inproceedings{chan06estimating,
  title={Estimating class priors in domain adaptation for word sense disambiguation},
  author={Chan, Yee Seng and Ng, Hwee Tou},
  booktitle={Proceedings of the Association for Computational Linguistics},
  pages={89--96},
  year={2006},
  organization={Association for Computational Linguistics}
}

@inproceedings{chan07word,
  title={Word sense disambiguation improves statistical machine translation},
  author={Chan, Y.S. and Ng, H.T. and Chiang, D.},
  booktitle={Proceedings of the Association for Computational Linguistics},
  year={2007}
}

@inproceedings{chan07domain,
  title={Domain adaptation with active learning for word sense disambiguation},
  author={Chan, Yee Seng and Ng, Hwee Tou},
  booktitle={Proceedings of the Association for Computational Linguistics},
  year={2007}
}

@inproceedings{chapelle09expected,
  title={Expected reciprocal rank for graded relevance},
  author={Chapelle, O. and Metlzer, D. and Zhang, Y. and Grinspan, P.},
  booktitle={Proceedings of the 18th ACM conference on Information and knowledge management},
  pages={621--630},
  year={2009},
  organization={ACM}
}

@inproceedings{che10improving,
  title={Improving semantic role labeling with word sense},
  author={Che, W. and Liu, T. and Li, Y.},
  booktitle={Human Language Technologies: The 2010 Annual Conference of the North American Chapter of the Association for Computational Linguistics},
  pages={246--249},
  year={2010},
  organization={Association for Computational Linguistics}
}

@inproceedings{chen05unsupervised,
  title={{Unsupervised Feature Selection for Relation Extraction}},
  author={Jinxiu Chen. and Dongong Ji and Chew Lim Tan and Zhengyu Niu},
  booktitle={Proceedings of IJCNLP-2005},
  year={2005},
  location={Jeju Island, Korea},
}

@article{chen06citespace,
  title={{CiteSpace II: Detecting and visualizing emerging trends and transient patterns in scientific literature}},
  author={Chaomei Chen},
  journal={Journal of the American Society for Information Science and Technology},
  volume={57},
  number={3},
  pages={359--377},
  issn={1532-2890},
  year={2006},
  publisher={Wiley Online Library}
}

@article{chen09towards,
  title={{Towards an explanatory and computational theory of scientific discovery}},
  author={Chaomei Chen and Yue Chen and Mark Horowitz and Haiyan Hou and Zeyuan Liu and Donald Pellegrino},
  journal={Journal of Informetrics},
  volume={3},
  number={3},
  pages={191--209},
  issn={1751-1577},
  year={2009},
  publisher={Elsevier}
}

@article{cheng06divide,
  title={{A divide-and-merge methodology for clustering}},
  author={David Cheng and Ravi Kannan and Santosh Vempala and Grant Wang},
  journal={ACM Transactions on Database Systems (TODS)},
  volume={31},
  number={4},
  pages={1499--1525},
  issn={0362-5915},
  year={2006},
  publisher={ACM}
}

@inproceedings{cinkova12managing,
  author    = {Cinkov\'{a}, Silvie  and  Holub, Martin  and  Kr\'{i}ÃÂ¾, Vincent},
  title     = {Managing Uncertainty in Semantic Tagging},
  booktitle = {Proceedings of the 13th Conference of the European Chapter of the Association for Computational Linguistics},
  month     = {April},
  year      = {2012},
  address   = {Avignon, France},
  publisher = {Association for Computational Linguistics},
  pages     = {840--850},
}

@inproceedings{chiu07generating,
  title={{Generating Lexical Analogies using Dependency Relations}},
  author={Andy Chiu and Pascal Poupart and Chrysanne DiMarco},
  booktitle={Proceedings of the 2007 Joint Conference on EMNLP and Computational Natural Language Learning},
  pages={561--570},
  year={2007}
}

@inproceedings{christensen10semantic,
  title={{Semantic role labeling for open information extraction}},
  author={Janara Christensen and Mausam and Stephen Soderland and Oren Etzioni},
  booktitle={First International Workshop on Formalisms and Methodology for Learning by Reading (FAM-LbR)},
  year={2010},
}

@inproceedings{chrzan06testing,
  title={Testing for the optimal number of attributes in MaxDiff questions},
  author={Chrzan, Keith and Patterson, Michael},
  booktitle={Proceedings of the Sawtooth Software Conference},
  year={2006},
  location={Sequim, WA},
}

@inproceedings{chugur02polysemy,
 author = {Chugur, Irina and Gonzalo, Julio and Verdejo, Felisa},
 title = {Polysemy and sense proximity in the Senseval-2 test suite},
 booktitle = {Proceedings of the ACL-02 workshop on Word sense disambiguation: recent successes and future directions - Volume 8},
 series = {WSD '02},
 year = {2002},
 pages = {32--39},
 publisher = {Association for Computational Linguistics},
 address = {Stroudsburg, PA, USA},
} 

@inproceedings{ciaramita06broad,
  title={Broad-coverage sense disambiguation and information extraction with a supersense sequence tagger},
  author={Ciaramita, M. and Altun, Y.},
  booktitle={Proceedings of the 2006 Conference on Empirical Methods in Natural Language Processing},
  pages={594--602},
  year={2006},
  organization={Association for Computational Linguistics}
}

@article{clauset04finding,
  title={{Finding community structure in very large networks}},
  author={Aaron Clauset and M. E. J. Newman and Cristopher Moore},
  journal={Physical Review E},
  volume={70},
  number={6},
  pages={66111},
  issn={1550-2376},
  year={2004},
  publisher={APS}
}

@article{clauset08hierarchical,
  title={Hierarchical structure and the prediction of missing links in networks},
  author={Clauset, Aaron and Moore, Cristopher and Newman, Mark EJ},
  journal={Nature},
  volume={453},
  number={7191},
  pages={98--101},
  year={2008},
  publisher={Nature Publishing Group}
}

@article{cohen60coefficient,
  author = {J. Cohen},
  title = {A coefficient of agreement for nominal scales},
  journal = {Educational and Psychological Measurement},
  number = 1,
  volume = 20,
  pages = {37--46},
  year = 1960,
  publisher={Durham},
}

@article{cohen2009reflective,
  author = {Trevor Cohen and Roger Schvaneveldt and Dominic Widdows},
  title = "Reflective Random Indexing and indirect inference: A scalable method for discovery of implicit connections",
  journal = "Journal of Biomedical Informatics",
  volume = "In Press",
  year = 2009,
}

@article{cohen09empirical,
  title = {Empirical Distributional Semantics: Methods and Biomedical Applications},
  author = {Trevor Cohen and Dominic Widdows},
  journal = {Journal of Biomedical Informatics},
  year = 2009,
  volumne = 42,
  number = 2,
  pages = {390--405},
}

@article{collins88omega,
  title={Omega: A general formulation of the rand index of cluster recovery suitable for non-disjoint solutions},
  author={Collins, L.M. and Dent, C.W.},
  journal={Multivariate Behavioral Research},
  volume={23},
  number={2},
  pages={231--242},
  year={1988},
  publisher={Taylor \& Francis}
}

@article{conley01age,
  author = {P. Conley and C. Burgess and G. Glosser},
  title = {Age vs {A}lzheimer's: A computational model of changes in representation},
  journal = {Brain and Cognition},
  volume = 46,
  pages = {86--90},
  year = 2001,
}

@inproceedings{connor10starting,
  author = {M. Connor, Y. Gertner, C. Fisher and D. Roth},
  title = {Starting from Scratch in Semantic Role Labeling},
  booktitle = {Proceedings of the Annual Meeting of the Association of Computational Linguistics (ACL)},
  year = 2010,
}

@inproceedings{cook11automatic,
  title={Automatic identification of words with novel but infrequent senses.},
  author={Cook, Paul and Hirst, Graeme},
  booktitle={Proceedings of the 25th Pacific Asia Conference on Language Information and Computation (PACLIC 25)},
  pages={265--274},
  location={Singapore},
  year={2011}
}

@inproceedings{councill08parscit,
  author = {Isaac G. Councill and C. Lee Giles and Min-Yen Kan},
  year = 2008,
  title = {{ParsCit: An open-source CRF reference string parsing package}},
  booktitle = {Proceedings of the Language Resources and Evaluation Conference (LREC 08)},
  location = {Marrakesh, Morrocco},
  month = {May},
} 

@book{cross04hidden,
  author = {Cross, R. and Parker, A.},
  year = 2004,
  title = {The Hidden Power of Social Networks: Understanding how work really gets done in organizations},
  publisher = {Harvard Business School Press}
}

@conference{culotta04dependency,
  title={{Dependency tree kernels for relation extraction}},
  author={Aron Culotta and Jeffrey Sorensen},
  booktitle={Proceedings of the 42nd Annual Meeting on Association for Computational Linguistics},
  year={2004}
}

@conference{culotta06integrating,
  title={{Integrating probabilistic extraction models and data mining to discover relations and patterns in text}},
  author={Culotta, A. and McCallum, A. and Betz, J.},
  booktitle={Proceedings of NAACL HLT},
  pages={296--303},
  year={2006},
  organization={Association for Computational Linguistics}
}

@inproceedings{cutting92scatter,
  author = {Douglas Cutting and Jan Pedersen and David Karger and John Tukey},
  year = 1992,
  title = {Scatter/Gather: A cluster-based approach to browsing large document collections},
  booktitle = {Proceedings of the 15th Annual International ACM Conference on Research and Development in Information Retrieval (SIGIR)},
  location = {Copenhagen, Denmark},
  pages = {318-329},
}

@article{dagan94word,
  title={Word sense disambiguation using a second language monolingual corpus},
  author={Dagan, I. and Itai, A.},
  journal={Computational Linguistics},
  volume={20},
  number={4},
  pages={563--596},
  year={1994},
  publisher={MIT Press}
}

@article{danon05comparing,
  title={Comparing community structure identification},
  author={Danon, Leon and D{\'\i}az-Guilera, Albert and Duch, Jordi and Arenas, Alex},
  journal={Journal of Statistical Mechanics: Theory and Experiment},
  volume={2005},
  number={09},
  pages={P09008},
  year={2005},
  publisher={IOP Publishing}
}

@article{daume06domain,
  title={Domain adaptation for statistical classifiers},
  author={Daum{\'e} III, H. and Marcu, D.},
  journal={Journal of Artificial Intelligence Research},
  volume={26},
  number={1},
  pages={101--126},
  year={2006}
}

@inproceedings{davidov08unsupervised,
  title={{Unsupervised discovery of generic relationships using pattern clusters and its evaluation by automatically generated SAT analogy questions}},
  author={Dmitry Davidov and Ari Rappoport},
  booktitle={Proceedings of ACL-08: HLT},
  pages = {692--700},
  year={2008},
}

@inproceedings{davidov08classification,
  title={{Classification of semantic relationships between nominals using pattern clusters}},
  author={Dmitry Davidov and Ari Rappoport},
  booktitle={Proceedings of ACL-08: HLT},
  year={2008},
  pages = {227--235},
}

@article{deerwester90indexing,
  author = {S. Deerwester and S. T. Dumais and T. K. Landauer and G. W. Furnas and R. A. Harshman},
  year = 1990,
  title = {Indexing by latent semantic analysis},
  journal = {Journal of the Society for Information Science},
  volume = 41,
  number = 6, 
  pages = {391--407},
}

@article{deese64associative,
  author = {James Deese},
  year = 1964,
  title = {The associative structure of some common english adjectives},
  journal = {Journal of Verbal Learning and Verbal Behavior},
  volume = 3,
  number = 5,
  pages = {347--357},
}

@article{di12clustering,
  title={Clustering and Diversifying Web Search Results with Graph-Based Word Sense Induction},
  author={Di Marco, A. and Navigli, R.},
  year={2012},
  journal={Computational Linguistics},
  volume=39,
  number=4,
}

@inproceedings{dinu10measuring,
  title={{Measuring distributional similarity in context}},
  author={Georgiana Dinu and Mirella Lapata},
  booktitle={Proceedings of the 2010 Conference on Empirical Methods in Natural Language Processing},
  pages={1162--1172},
  year={2010},
  organization={Association for Computational Linguistics}
}

@inproceedings{dligach08novel,
  author = {Dmitry Dligach and Martha Palmer},
  title = {Novel Semantic Features Sense Disambiguation},
  booktitle = {HLT '08: Proceedings of the 46th Annual Meeting of the Association for Computational Linguistics on Human Language Technologies},
  location = {Columbus, Ohio},
  publisher = {Association for Computational Linguistics},
  address = {Morristown, NJ, USA},
  pages = {29--32},
  year = 2008,
}

@article{dligach11reducing,
  title={Reducing the need for double annotation},
  author={Dligach, D. and Palmer, M.},
  journal={ACL HLT 2011},
  pages={65},
  year={2011}
}

@techreport{dongen00cluster,
  title={A cluster algorithm for graphs},
  author={Van Dongen, Stijn},
  institution={National Research Institute for Mathematics and Computer Science in the Netherlands, Amsterdam},
  year={2000},
}

@phdthesis{dongen00cluster2,
  title={Graph Clustering by Flow Simulation},
  author={Van Dongen, Stijn},
  school={University of Utrecht, The Netherlands},
  year={2000},
}

@conference{downey05probabilistic,
  title={{A probabilistic model of redundancy in information extraction}},
  author={Doug Downey and Oren Etzioni and Stephen Soderland},
  booktitle={International Joint Conference on Artificial Intelligence},
  volume={19},
  pages={1034--1041},
  year={2005},
}

@inproceedings{dorow03discovering,
  author = {Beate Dorow and Dominic Widdows},
  year = 2003,
  title = {Discovering corpus-specific word senses},
  booktitle = {Proceedings of the 10th EACL},
  location = {Budapest, Hungary},
  pages = {79--82},
}

@article{dunning93accurate,
  author = {T. Dunning},
  title = {Accurate methods for the statistics of surprise and coincidence},
  journal = {Computational Linguistics},
  volume = 19,
  number = 1,
  pages = {61--74},
  year = 1993,
}

@inproceedings{elshamy10ksu,
  title={{KSU KDD: Word sense induction by clustering in topic space}},
  author={Wesam Elshamy and Doina Caragea and William H. Hsu},
  booktitle={Proceedings of the 5th International Workshop on Semantic Evaluation},
  pages={367--370},
  year={2010},
  organization={Association for Computational Linguistics}
}

@conference{elson10extracting,
  title={{Extracting social networks from literary fiction}},
  author={David K. Elson and Nicholas Dames and Kathleen R. McKeown},
  booktitle={Proceedings of the 48th Annual Meeting of the Association for Computational Linguistics},
  pages={138--147},
  year={2010},
  organization={Association for Computational Linguistics}
}

@conference{erk07simple,
  title={{A simple, similarity-based model for selectional preferences}},
  author={Katrin Erk},
  booktitle={Association for Computational Linguistics},
  volume={45},
  number={1},
  pages={216},
  year={2007}
}

@inproceedings{erk08structured,
  address = {Honolulu, HI},
  author = {Katrin Erk and Sebastian Pad\'{o}},
  booktitle = {Proceedings of EMNLP},
  title = {A Structured Vector Space Model for Word Meaning in Context},
  year = {2008}
}

@conference{erk09representing,
  title={{Representing words as regions in vector space}},
  author={Katrin Erk},
  booktitle={Proceedings of the Thirteenth Conference on Computational Natural Language Learning},
  pages={57--65},
  year={2009},
  organization={Association for Computational Linguistics}
}

@conference{erk09investigations,
  title={{Investigations on word senses and word usages}},
  author={Katrin Erk and Diana McCarthy and Nicholas Gaylord},
  booktitle={Proceedings of the Joint Conference of the 47th Annual Meeting of the ACL and the 4th International Joint Conference on Natural Language Processing of the AFNLP: Volume 1},
  pages={10--18},
  year={2009},
  organization={Association for Computational Linguistics}
}

@conference{erk09graded,
  title={{Graded word sense assignment}},
  author={Katrin Erk and Diana McCarthy},
  booktitle={Proceedings of the 2009 Conference on Empirical Methods in Natural Language Processing: Volume 1},
  pages={440--449},
  year={2009},
  organization={Association for Computational Linguistics}
}

@inproceedings{erk10word,
  title={{What Is Word Meaning, Really? (And How Can Distributional Models Help Us Describe It?)}},
  author={Katrin Erk},
  booktitle={Proceedings of the workshop on Geometrical Models of Natural Language Semantics (GEMS)},
  year={2010}
}

@article{erk12measuring,
  author={Katrin Erk and Diana McCarthy and Nicholas Gaylord},
  title={Measuring word meaning in context},
  journal={Computational Linguistics},
  year=2012,
}

@misc{esquivel12comparing,
  Author = {Alcides Viamontes Esquivel and Martin Rosvall },
  Title = {Comparing network covers using mutual information},
  Year = {2012},
  Eprint = {arXiv:1202.0425},
  note = {arXiv:1202.0425},
}

@conference{etzioni04web,
  title={{Web-scale information extraction in knowitall:(preliminary results)}},
  author={Oren Etzioni and Michael Cafarella and Doug Downey and Stanley Kok and Ana-Maria Popescu and Tal Shaked and Stephen Soderland and Daniel S. Weld and Alexander Yates},
  booktitle={Proceedings of the 13th international conference on World Wide Web},
  pages={100--110},
  year={2004},
  organization={ACM New York, NY, USA}
}

@article{etzioni05unsupervised,
  title={{Unsupervised named-entity extraction from the web: An experimental study}},
  author={Oren Etzioni and Michael Cafarella and Doug Downey and Ana-Maria Popescu and Tal Shaked and Stephen Soderland and Daniel S. Weld and Alexander Yates},
  journal={Artificial Intelligence},
  volume={165},
  number={1},
  pages={91--134},
  year={2005},
  publisher={Elsevier}
}

@article{evans09line,
  title={Line graphs, link partitions, and overlapping communities},
  author={T.S. Evans and R. Lambiotte},
  journal={Physical Review E},
  volume={80},
  number={1},
  pages={016105},
  year={2009},
  publisher={APS}
}

@inproceedings{fan08direct,
  title={{Direct mining of discriminative and essential frequent patterns via model-based search tree}},
  author={Wei Fan and Kun Zhang and Hong Cheng and Jing Gao and Xifeng Yan and Jiawei Han and Philip Yu and Olivier Verscheure},
  booktitle={Proceeding of the 14th ACM SIGKDD international conference on Knowledge discovery and data mining},
  pages={230--238},
  year={2008},
  organization={ACM}
}

@book{fellbaum98electronic,
  editor = {Christine Fellbaum},
  title = {WordNet: An Electronic Lexical Database},
  publisher = {The MIT Press},
  year = 1998,
}

@article{fellbaum98performance,
  title={Performance and confidence in a semantic annotation task},
  author={Fellbaum, Christiane and Grabowski, Jaochim and Landes, Shari},
  journal={WordNet: An electronic lexical database},
  pages={217--237},
  year={1998},
  publisher={MIT Press, Cambridge, MA}
}

@inbook{firth57synopsis,
  author = {J. R. Firth},
  year = 1957,
  title = {A synopsis of linguistic theory 1930-1955},
  booktitle = {Studies in Linguistic Analysis, 1-32},
  publisher = {Oxford: Philological Society},
  note = {Reprinted in F. R. Palmer (Ed.), (1968). Selected papers of J. R. Firth 1952-1959, London: Longman.},
}

@article{fleiss71measuring,
  author = {Fleiss, Joseph L.},
  year = 1971, 
  title = {Measuring nominal scale agreement among many raters},
  journal = {Psychological Bulletin},
  volume = 76,
  number = 5,
  pages={378--382},
}

@inproceedings{florian02modeling,
  title={Modeling consensus: Classifier combination for word sense disambiguation},
  author={Florian, Radu and Yarowsky, David},
  booktitle={Proceedings of Conference on Empirical methods in natural language processing},
  pages={25--32},
  year={2002},
  organization={Association for Computational Linguistics}
}

@article{fortunato10community,
  title={{Community detection in graphs}},
  author={Santo Fortunato},
  journal={Physics Reports},
  volume={486},
  number={3-5},
  pages={75--174},
  issn={0370-1573},
  year={2010},
  publisher={Elsevier}
}

@inproceedings{french02four,
  author = {Robert M. French and Christophe Labiouse},
  year = 2002,
  title = {Four problems with extracting human semantics from large text corpora},
  booktitle = {Proceedings of the 24th Annual Conference of the Cognitive Science Society},
  address = {NJ},
  publisher = {LEA},
}

@article{french02computational,
  title={{The computational modeling of analogy-making}},
  author={Robert M. French},
  journal={Trends in Cognitive Sciences},
  volume={6},
  number={5},
  pages={200--205},
  year={2002},
  publisher={Elsevier}
}

@inproceedings{frieze98fast,
  author = {A. Freize and R. Kannan and S. Vempala},
  title = {Fast {M}onte-{C}arlo {A}lgorithms for finding low-rank approximations},
  booktitle = {In Proceedings of the 39th Annual IEEE Symposium on Foundations of Computer Science},
  year = {1998},
  pages = {370--378}
}

@article{furnas84statistical,
  author = {G. W. Furnas and T. Landauer and L. M. Gomez and S. T. Dumais},
  title = {Statistical semantics:  analysis of the potential performance of keyword information systems},
  journal = {Bell System Technical Journal},
  year = {1983},
  volume = 62,
  number = 6,
  pages = {187--242},
}

@inproceedings{gabrilovich07computing,
  author = {E. Gabrilovich and S. Markovitch},
  year = 2007,
  title = {Computing {S}emantic {R}elatedness using {W}ikipedia-based {E}xplicit {S}emantic {A}nalysis}, 
  booktitle = {Proceedings of The 20th International Joint Conference on Artificial Intelligence (IJCAI)},
  location = {Hyderabad, India},
}

@inproceedings{gale92work,
  author = {William A. Gale and Kenneth W. Church and David Yarowsky},
  year = 1992,
  title = {Work on statistical methods for word sense disambiguation},
  booktitle = {{AAAI Fall Symposium on Probabilistic Approaches to Natural Language}},
  pages = {54--60},
}

@article{gale92method,
  title={A method for disambiguating word senses in a large corpus},
  author={Gale, William A. and Church, Kenneth W. and Yarowsky, David},
  journal={Computers and the Humanities},
  volume={26},
  number={5},
  pages={415--439},
  year={1992},
  publisher={Springer}
}

@article{gallant93practical,
  author = {Stephen I. Gallant},
  title = {A Practical Approach for Representing Context and for Performing Word Sense Disambiguation Using Neural Networks},
  journal = {Neural Computation},
  volume = 3, 
  number = 3, 
  pages = {293--309},
  year = 1993,
}

@article{garzone00towards,
  title={{Towards an automated citation classifier}},
  author={Mark Garzone and Robert E. Mercer},
  journal={Advances in Artificial Intelligence},
  pages={337--346},
  year={2000},
  publisher={Springer}
}

@inproceedings{gauch93experiments,
  author = {Susan Gauch and Robert P. Futrelle},
  year =  1993,
  title = {Experiments in automatic word class and word sense identification for information retrieval},
  booktitle = {Proceedings of the 3rd Annual Symposium on Document Analysis and Information Retrieval},
  location = {Las Vegas, NV},
  pages = {425--434},
}

@article{genini10cheaters,
  title={Cheaters in mutualism networks},
  author={Genini, J. and Morellato, L.P.C. and Guimar{\~a}es, P.R. and Olesen, J.M.},
  journal={Biology Letters},
  volume={6},
  number={4},
  pages={494},
  year={2010},
  publisher={The Royal Society}
}

@article{girju06automatic,
  title={{Automatic discovery of part-whole relations}},
  author={R. Girju and A. Badulescu and D. Moldovan},
  journal={Computational Linguistics},
  volume={32},
  number={1},
  pages={83--135},
  year={2006},
  publisher={MIT Press}
}

@article{girvan02community,
  title={Community structure in social and biological networks},
  author={Girvan, Michelle and Newman, Mark E.J.},
  journal={Proceedings of the National Academy of Sciences},
  volume={99},
  number={12},
  pages={7821},
  year={2002},
  publisher={National Acad Sciences}
}

@article{gomez05overview,
  title={{An overview of methods and tools for ontology learning from texts}},
  author={Asunsi\'{o}n G{\'o}mez-P{\'e}rez and David Manzano-Macho},
  journal={The knowledge engineering review},
  volume={19},
  number={03},
  pages={187--212},
  year={2005},
  publisher={Cambridge Univ Press}
}

@inproceedings{greene2009multi,
  title={Multi-view clustering for mining heterogeneous social network data},
  author={Greene, D. and Cunningham, P.},
  booktitle={Workshop on Information Retrieval over Social Networks, Proc. of ECIR},
  year={2009}
}

@inproceedings{grefenstette92finding,
  author = {Gregory Grefenstette}, 
  year = 1992,
  title = {Finding semantic similarity in raw text: {T}he {D}eese antonyms},
  booktitle = {Working notes of the AAAI Fall Symposium on Probabilistic Approaches to Natural Language},
  pages = {61-â65},
  publisher = {AAAI Press},
}

@book{grefenstette94explorations,
  author = {Gregory Grefenstette},
  title = {Explorations in Automatic Thesaurus Discovery},
  publisher = {Indiana University Press},
  year = 1994,
}

@article{gregory11fuzzy,
  title={Fuzzy overlapping communities in networks},
  author={Gregory, S.},
  journal={Journal of Statistical Mechanics: Theory and Experiment},
  volume={2011},
  number={02},
  pages={P02017},
  year={2011},
  publisher={IOP Publishing}
}

@article{green10connecting,
  author = {Adam E. Green and David J. M. Kraemer and Jonathan A. Fugelsang and Jeremy R. Gray and Kevin N. Dunbar},
  title = {{Connecting Long Distance: Semantic Distance in Analogical Reasoning Modulates Frontopolar Cortex Activity}},
  journal = {Cerebral Cortex},
  volume = {20},
  number = {1},
  pages = {70-76},
  year = {2010},
}

@inproceedings{hall09weka,
  author = {Mark Hall and Eibe Frank and Geoffrey Holmes and Bernhard Pfahringer and Peter Reutemann and Ian H. Witten},
  year = 2009,
  title = {{The WEKA Data Mining Software: An Update}},
  journal = {SIGKDD Explorations},
  volume = 11,
  number = 1,
}

@article{hanks04syntagmatics,
  title={The syntagmatics of metaphor and idiom},
  author={Hanks, P.},
  journal={International Journal of Lexicography},
  volume={17},
  number={3},
  pages={245--274},
  year={2004},
  publisher={Oxford University Press}
}

@article{hanks05pattern,
  title={A pattern dictionary for natural language processing},
  author={Hanks, Patrick and Pustejovsky, James},
  journal={Revue Fran{\c{c}}aise de linguistique appliqu{\'e}e},
  volume={10},
  number={2},
  pages={63--82},
  year={2005},
  publisher={Pub. linguistiques}
}

@book{harris68mathematical,
  author = {Zellig Harris},
  title = {Mathematical Structures of Language},
  year = 1968,
  publisher = {Wiley},
  address = {New York},
}

@incollection{harris85distributional,
  author = {Zellig Haris},
  title = {Distributional Structure},
  editor = {J. J. Katz},
  booktitle = {The Philosophy of Linguistics},
  publisher = {Oxford University Press},
  location = {New York},
  pages = {26--47},
  year = 1985,
}

@conference{hasegawa04discovering,
  title={{Discovering relations among named entities from large corpora}},
  author={Hasegawa, T. and Sekine, S. and Grishman, R.},
  booktitle={Proceedings of the 42nd Annual Meeting on Association for Computational Linguistics},
  year={2004},
  organization={Association for Computational Linguistics}
}

@inproceedings{hassan06graph,
  title={Graph based semi-supervised approach for information extraction},
  author={Hassan, H. and Hassan, A. and Noeman, S.},
  booktitle={Proceedings of the First Workshop on Graph Based Methods for Natural Language Processing},
  pages={9--16},
  year={2006},
  organization={Association for Computational Linguistics}
}

@conference{havasi07conceptnet,
  title={{ConceptNet 3: a flexible, multilingual semantic network for common sense knowledge}},
  author={Catherine Havasi and Robert Speer and Jason B. Alonso},
  booktitle={Recent Advances in Natural Language Processing},
  year={2007},
  organization={Citeseer}
}

@article{havemann11identification,
  title={Identification of overlapping communities and their hierarchy by locally calculating community-changing resolution levels},
  author={Havemann, F. and Heinz, M. and Struck, A. and Gl{\"a}ser, J.},
  journal={Journal of Statistical Mechanics: Theory and Experiment},
  volume={2011},
  number={01},
  pages={P01023},
  year={2011},
  publisher={IOP Publishing}
}

@inproceedings{he03locality,
  author = {Xiaofei He and Partha Niyogi},
  title = {Locality Preserving Projections},
  booktitle = {Advances in Neural Information Processing Systems 16 (NIPS)},
  location = {Vancouver, Canada},
  year = 2003,
}

@conference{hearst92automatic,
  title={{Automatic acquisition of hyponyms from large text corpora}},
  author={M.A. Hearst},
  booktitle={Proceedings of the 14th conference on Computational linguistics},
  pages={539--545},
  year={1992},
  organization={Association for Computational Linguistics}
}

@article{herdagdelen09bagpack,
  title={{BagPack: A general framework to represent semantic relations}},
  author={Ama\c{c} Herda{\u{g}}delen and Marco Baroni},
  journal={Arxiv preprint arXiv:0902.2230},
  year={2009}
}

@article{holme12temporal,
  author = {Petter Holme and Jari Saram\"{a}ki},
  title = {Temporal networks},
  year = {2012},
  note = {\emph{to appear}},
  journal = {Physical Reports},
}

@book{holyoak05cambridge,
  title={The Cambridge handbook of thinking and reasoning},
  author={Holyoak, Keith J.},
  year={2005},
  publisher={Cambridge Univ Pr}
}

@article{hong11good,
  title={How Good is the Crowd at ârealâ WSD?},
  author={Hong, J. and Baker, C.F.},
  journal={ACL HLT 2011},
  pages={30},
  year={2011}
}


@conference{hovy06ontonotes,
  title={{OntoNotes: the 90\% solution}},
  author={Eduard Hovy and Mitchell Marcus and Martha Palmer and Lance Ramshaw and Ralph Weischedel},
  booktitle={Proceedings of the Human Language Technology Conference of the NAACL, Companion Volume: Short Papers},
  pages={57--60},
  year={2006},
  organization={Association for Computational Linguistics}
}

@inproceedings{huang08construction, 
  author={Zhixing Huang and Yuhui Qiu}, 
  booktitle={Proceedings of the Fourth International Conference on Semantics, Knowledge and Grid, 2008. SKG '08. },
  title={Construction and Aggregation of Citation Semantic Link Network}, 
  year={2008}, 
  month=dec., 
  volume={}, 
  number={}, 
  pages={247 -254}, 
}

@article{hubert85comparing,
  title={Comparing partitions},
  author={Hubert, L. and Arabie, P.},
  journal={Journal of classification},
  volume={2},
  number={1},
  pages={193--218},
  year={1985},
  publisher={Springer}
}

@inproceedings{hullermeier09fuzzy,
  title={A fuzzy variant of the Rand index for comparing clustering structures},
  author={H{\"u}llermeier, E. and Rifqi, M.},
  booktitle={Proceedings of the IFSA/EUSFLAT Conference},
  pages={1294--1298},
  year=2009,
}

@article{ide98introduction,
  title={Introduction to the special issue on word sense disambiguation: the state of the art},
  author={Ide, N. and V{\'e}ronis, J.},
  journal={Computational linguistics},
  volume={24},
  number={1},
  pages={2--40},
  year={1998},
  publisher={MIT Press}
}

@article{ide06making,
  title={Making sense about sense},
  author={Ide, Nancy and Wilks, Yorick},
  journal={Word Sense Disambiguation},
  pages={47--73},
  year={2006},
  publisher={Springer}
}

@inproceedings{ipeirotis10quality,
  title={Quality management on amazon mechanical turk},
  author={Ipeirotis, P.G. and Provost, F. and Wang, J.},
  booktitle={Proceedings of the ACM SIGKDD workshop on human computation},
  pages={64--67},
  year={2010},
  organization={ACM}
}

@inproceedings{jacquemin02enriching,
  title={Enriching a text by semantic disambiguation for information extraction},
  author={Jacquemin, B. and Brun, C. and Roux, C.},
  booktitle={Proceedings of the Workshop on Using Semantics for Information
                  Retrieval and Filtering in the 3rd International Conference on
                  Language Resources and Evaluations (LREC)},
  year={2005}
}

@misc{jiang08literature,
  title={A literature survey on domain adaptation of statistical classifiers},
  author={Jiang, Jing},
  note={\url{http://sifaka.cs.uiuc.edu/jiang4/domainadaptation/survey}},
  year={2008}
}

@conference{john95estimating,
  title={{Estimating continuous distributions in Bayesian classifiers}},
  author={George H. John and Pat Langley},
  booktitle={Proceedings of the eleventh conference on uncertainty in artificial intelligence},
  volume={1},
  pages={338--345},
  year={1995},
  organization={Citeseer}
}

@article{johnson84extension,
  author = {W. Johnson and J. Lindenstrauss},
  title = {Extension of {L}ipshitz mapping to {H}ilbert space},
  journal = {Contemporary Mathematics},
  year = 1984,
  volume = 26,
  pages = {189--206},
}

 @article{jones96brief,
     title = {A Brief Survey of Bandwidth Selection for Density Estimation},
     author = {Jones, M. C. and Marron, J. S. and Sheather, S. J.},
     journal = {Journal of the American Statistical Association},
     volume = {91},
     number = {433},
     pages = {pp. 401--407},
     year = {1996},
     publisher = {American Statistical Association},
    }

@inproceedings{jones97contextual,
  author = {Michael P. Jones and James H. Martin},
  title = {Contextual spelling correction using latent semantic analysis},
  booktitle = {Proceedings of the 5th Conference on Applied Natural Language Processing},
  year = {1997},
  pages = {166--173},
}

@article{jones06high,
  author = {Michael N. Jones and Walter Kintsch and Doughlas J. K. Mewhort},
  title = {High-dimensional semantic space accounts of priming},
  journal = {Journal of Memory and Language},
  volume = 55,
  year = 2006,
  pages = {534--552},
}

@article{jones07representing,
  author = {Michael N. Jones and Douglas J. K. Mewhort},
  title = {Representing word meaning and order information in a composite holographic lexicon},
  journal = {Psychology Review},
  year = 2007,
  volume = 114,
  pages = {1--37},
}

@inproceedings{jurgens09event,
  author = {David Jurgens and Keith Stevens},
  title = {Event Detection in Blogs Using Temporal Random Indexing},
  booktitle = {Proceedings of RANLP 2009: Events in Emerging Text Types Workshop},
  year = 2009,
}

@techreport{jurgens10improving,
  author = {David Jurgens and Keith Stevens},
  title = {Improving Word Sense Induction Through Word Ordering},
  year = 2010,
  institution = {University of California, Los Angeles Computer Science Department},
  note = {090020}
}

@inproceedings{jurgens10capturing,
  author = {David Jurgens and Keith Stevens},
  title = {Capturing Nonlinear Structure in Word Spaces Through Dimensionality Reduction},
  booktitle = {Proceedings of the ACL Workshop on Geometrical Methods for Natural Language Semantics (GEMS-2010)},
  year = 2010, 
  organization={Association for Computational Linguistics}
}

@inproceedings{jurgens10hermit,
  author = {David Jurgens and Keith Stevens},
  title = {{HERMIT: Using word ordering applied to the Sense Induction task of SemEval-2}},
  year = 2010,
  booktitle={Proceedings of the 5th International Workshop on Semantic Evaluations},
  organization={Association for Computational Linguistics}
}

@inproceedings{jurgens10sspace,
  author = {David Jurgens and Keith Stevens},
  title = {{The S-Space Package: An Open Source Package for Word Space Models}},
  year = 2010,
  booktitle = {Proceedings of the ACL 2010 System Demonstrations},
  location = {Uppsala, Sweden},
  publisher={Association for Computational Linguistics},
}

@inproceedings{jurgens11measuring,
  title={Measuring the impact of sense similarity on word sense induction},
  author={Jurgens, David and Stevens, Keith},
  booktitle={Proceedings of the First Workshop on Unsupervised Learning in NLP},
  pages={113--123},
  year={2011},
  organization={Association for Computational Linguistics}
}

@inproceedings{jurgens11word,
  title={Word sense induction by community detection},
  author={David Jurgens},
  booktitle={Proceedings of Sixth ACL Workshop on Graph-based Methods for Natural Language Processing (TextGraphs-6)},
  year={2011},
  organization={Association for Computational Linguistics},
}

@inproceedings{jurgens12semeval,
  title={{SemEval-2012 Task 2: Measuring Degrees of Relational Similarity}},
  author={Jurgens, David and Mohammad, Saif M. and Turney, Peter D. and Holyoak, Keith J.},
  booktitle={Proceedings of the 6th International Workshop on Semantic Evaluation (SemEval 2012)},
  location={Montreal, Canada},
  year=2012,
  publisher={Association for Computational Linguistics},
}

@inproceedings{jurgens12evaluation,
  title={{An Evaluation of Graded Sense Disambiguation using Word Sense Induction}},
  author={Jurgens, David},
  booktitle={Proceedings of *SEM, the First Joint Conference on Lexical and Computational Semantics},
  location={Montreal, Canada},
  year=2012,
  publisher={Association for Computational Linguistics},
}

@inproceedings{jurgens12friends,
  title={{Friends, Enemies, and Lovers: Detecting Communities in Networks Where Relationships Matter}},
  author={Jurgens, David and Lu, Tsai-Ching},
  booktitle={Proceedings of Web Science},
  year=2012,
  publisher={ACM},
}

@inproceedings{jurgens13semeval,
  title={{SemEval-2013 Task 13: Word Sense Induction for Graded and Non-Graded Senses}},
  author={Jurgens, David and Klapaftis, Ioannis},
  booktitle={Proceedings of the 7th International Workshop on Semantic Evaluation (SemEval 2013)},
  year=2013,
  publisher={Association for Computational Linguistics},
}

@inproceedings{jurgens13embracing,
  title={{Embracing Ambiguity: A Comparison of Annotation Methodologies for Crowdsourcing Word Sense Labels}},
  author={Jurgens, David},
  booktitle={Proceedings of the North American Chapter of the Association for Computational Linguistics (NAACL)},
  year=2013,
  publisher={ACL},
}

@inproceedings{kanejiya03automatic,
  author = {Dharmendra Kanejiya and Arun Kumar and Surendra Prasad},
  title = {Automatic Evaluation of Students' Answers using Syntactically Enhanced {LSA}},
  booktitle = {Proceedings of the HLT-NAACL Workshop on Building Educational Applications Using Natural Language Processing},
  year = {2003},
  pages = {53--60},
  location = {Edmonton, Canada},
}

@inproceedings{kanerva00random,
  author = {P. Kanerva and J. Kristoferson and A. Holst},
  year = 2000,
  title = {Random Indexing of Text Samples for Latent Semantic Analysis},
  editor = {L. R. Gleitman and A. K. Josh},
  booktitle = {Proceedings of the 22nd Annual Conference of the Cognitive Science Society},
  pages = 1036,
}

@article{kannan04clusterings,
  title={{On clusterings: Good, bad and spectral}},
  author={Ravi Kannan and Santosh Vempala and Adrian Vetta},
  journal={Journal of the ACM (JACM)},
  volume={51},
  number={3},
  pages={497--515},
  issn={0004-5411},
  year={2004},
  publisher={ACM}
}

@misc{karypis02cluto,
  author = {George Karypis},
  title = {Cluto - a clustering toolkit},
  year = 2002,
  note = {\url{http://glaros.dtc.umn.edu/gkhome/views/cluto/}}
}

@conference{kern10kcdc,
  title={{KCDC: Word sense induction by using grammatical dependencies and sentence phrase structure}},
  author={Roman Kern and Markus Muhr and Michael Granitzer},
  booktitle={Proceedings of the 5th International Workshop on Semantic Evaluation},
  pages={351--354},
  year={2010},
  organization={Association for Computational Linguistics}
}

@article{kim07configurations,
  title={Configurations of relationships in different media: FtF, email, instant messenger, mobile phone, and SMS},
  author={Kim, H. and Kim, G.J. and Park, H.W. and Rice, R.E.},
  journal={Journal of Computer-Mediated Communication},
  volume={12},
  number={4},
  pages={1183--1207},
  year={2007},
  publisher={Wiley Online Library}
}

@article{kintsch01predication,
  author = {Walter Kintsch},
  title = {Predication},
  journal = {Cognitive Science},
  volume = 25,
  number = 2,
  pages = {173-â202},
  year = 2001,
}


@article{kilgarriff97dont,
  title={{I Don't Believe in Word Senses}},
  author={Adam Kilgarriff},
  journal={Computers and the Humanities},
  volume={31},
  number={2},
  pages={91--113},
  issn={0010-4817},
  year={1997},
  publisher={Springer}
}

@inproceedings{kilgarriff98senseval,
  title={Senseval: An exercise in evaluating word sense disambiguation programs},
  author={Kilgarriff, Adam},
  booktitle={Proceedings. of the First International Conference on Language Resources and Evaluation},
  pages={581--588},
  year={1998},
  organization={Association for Computational Linguistics}
}

@inproceedings{kilgarriff99ninety,
  title={95\% replicability for manual word sense tagging},
  author={Kilgarriff, Adam},
  booktitle={Proceedings of the ninth conference on European chapter of the Association for Computational Linguistics},
  pages={277--278},
  year={1999},
  organization={Association for Computational Linguistics}
}

@article{kilgarriff00framework,
  title={Framework and results for English SENSEVAL},
  author={Kilgarriff, A. and Rosenzweig, J.},
  journal={Computers and the Humanities},
  volume={34},
  number={1},
  pages={15--48},
  year={2000},
  publisher={Springer}
}

@article{kilgarriff00introduction,
  title={Introduction to the special issue on SENSEVAL},
  author={Kilgarriff, Adam and Palmer, Martha},
  journal={Computers and the Humanities},
  volume={34},
  number={1},
  pages={1--13},
  year={2000},
  publisher={Springer}
}

@inproceedings{kilgarriff02english,
  title={English lexical sample task description},
  author={Kilgarriff, Adam},
  booktitle={Proceedings of ACL-SIGLEX SENSEVAL-2 Workshop},
  year={2002}
}

@inproceedings{kittur08crowdsourcing,
  title={Crowdsourcing user studies with Mechanical Turk},
  author={Kittur, A. and Chi, E.H. and Suh, B.},
  booktitle={Proceedings of the twenty-sixth annual SIGCHI conference on Human factors in computing systems},
  pages={453--456},
  year={2008},
  organization={ACM}
}

@inproceedings{kittur11crowdforge,
  title={Crowdforge: Crowdsourcing complex work},
  author={Kittur, A. and Smus, B. and Khamkar, S. and Kraut, R.E.},
  booktitle={Proceedings of the 24th annual ACM symposium on User interface software and technology},
  pages={43--52},
  year={2011},
  organization={ACM}
}

@inproceedings{klapaftis08word,
  title={{Word sense induction using graphs of collocations}},
  author={Ioannis P. Klapaftis and Suresh Manandhar},
  booktitle={Proceeding of the 2008 conference on ECAI 2008: 18th European Conference on Artificial Intelligence},
  pages={298--302},
  year={2008},
}

@inproceedings{klapaftis10taxonomy,
 author = {Klapaftis, Ioannis P. and Manandhar, Suresh},
 title = {Taxonomy learning using word sense induction},
 booktitle = {Human Language Technologies: The 2010 Annual Conference of the North American Chapter of the Association for Computational Linguistics},
 series = {HLT '10},
 year = {2010},
 isbn = {1-932432-65-5},
 location = {Los Angeles, California},
 pages = {82--90},
 numpages = {9},
 acmid = {1858009},
 publisher = {Association for Computational Linguistics},
 address = {Morristown, NJ, USA},
}

@conference{klapaftis10word,
  title={{Word sense induction \& disambiguation using hierarchical random graphs}},
 author = {Klapaftis, Ioannis P. and Manandhar, Suresh},
  booktitle={Proceedings of EMNLP},
  pages={745--755},
  year={2010},
  organization={ACL}
}

@inproceedings{klein02combining,
  title={Combining heterogeneous classifiers for word-sense disambiguation},
  author={Klein, Dan and Toutanova, Kristina and Ilhan, H Tolga and Kamvar, Sepandar D and Manning, Christopher D},
  booktitle={Proceedings of the ACL-02 workshop on Word sense disambiguation: recent successes and future directions-Volume 8},
  pages={74--80},
  year={2002},
  organization={Association for Computational Linguistics}
}

@article{kleinberg99authoritative,
  title={{Authoritative sources in a hyperlinked environment}},
  author={Jon M. Kleinberg},
  journal={Journal of the ACM (JACM)},
  volume={46},
  number={5},
  pages={604--632},
  issn={0004-5411},
  year={1999},
  publisher={ACM},
}

@inproceedings{komiya12automatic,
  title={Automatic Domain Adaptation for Word Sense Disambiguation Based on Comparison of Multiple Classifiers},
  author={Komiya, Kanako and Okumura, Manabu},
  booktitle={Proceedings of 26th Pacific Asia Conference on Language Information and Computation},
  pages={77--85},
  year={2012}
}

@inproceedings{koomen05generalized,
  title={{Generalized inference with multiple semantic role labeling systems}},
  author={Koomen, P. and Punyakanok, V. and Roth, D. and Yih, W.},
  booktitle={Ninth Conference on Computational Natural Language Learning},
  pages={181--184},
  year={2005}
}

@inproceedings{korkontzelos10uoy,
  title={{UoY: Graphs of unambiguous vertices for word sense induction and disambiguation}},
  author={Ioannis Korkontzelos and Suresh Manandhar},
  booktitle={Proceedings of the 5th International Workshop on Semantic Evaluation},
  pages={355--358},
  year={2010},
  organization={Association for Computational Linguistics}
}

@article{kosinski12crowd,
  title={Crowd IQ: Measuring the intelligence of crowdsourcing platforms},
  author={Kosinski, M. and Bachrach, Y. and Kasneci, G. and Van-Gael, J. and Graepel, T.},
  journal={ACM Web Sciences},
  year={2012}
}

@article{kotsiantis06discretization,
  title={Discretization techniques: A recent survey},
  author={Kotsiantis, S. and Kanellopoulos, D.},
  journal={GESTS International Transactions on Computer Science and Engineering},
  volume={32},
  number={1},
  pages={47--58},
  year={2006}
}

@book{krippendorff80content,
  author = {Krippendorff, Klaus},
  year = 1980,
  title = {Content Analysis: An Introduction to Its Methodology},
  chapter = 12,
  publisher = {Sage},
  address = {Beverly Hills, CA},
}

@book{krippendorff04content,
  author = {Krippendorff, Klaus},
  year = 2004,
  title = {Content Analysis: An Introduction to Its Methodology},
  edition = {second},
  chapter = 11,
  publisher = {Sage},
  address = {Thousand Oaks, CA},
}

@mastersthesis{kroon08finding,
  title={{Finding Communities in Typed Citation Networks}},
  author={Fredrick W. Kroon},
  school = {University of Waterloo},
  address = {Waterloo, Ontario, Canada},
  year = 2008,
}

@inproceedings{kulkarni12collaboratively,
  title={Collaboratively crowdsourcing workflows with turkomatic},
  author={Kulkarni, A. and Can, M. and Hartmann, B.},
  booktitle={Proceedings of the ACM 2012 conference on Computer Supported Cooperative Work},
  pages={1003--1012},
  year={2012},
  organization={ACM}
}

@inproceedings{kumar06hierarchical,
  title={Hierarchical topic segmentation of websites},
  author={Kumar, R. and Punera, K. and Tomkins, A.},
  booktitle={Proceedings of the 12th ACM SIGKDD international conference on Knowledge discovery and data mining},
  pages={257--266},
  year={2006},
  organization={ACM}
}

@inproceedings{kumar10generalized,
  title={Generalized distances between rankings},
  author={Kumar, R. and Vassilvitskii, S.},
  booktitle={Proceedings of the 19th international conference on World wide web},
  pages={571--580},
  year={2010},
  organization={ACM}
}

@inproceedings{lafferty01conditional,
  title={{Conditional random fields: Probabilistic models for segmenting and labeling sequence data}},
  author={John Lafferty and Andrew McCallum and Fernando Pereira},
  booktitle={Proceedings of the Eighteenth International Conference on Machine Learning (ICML-2001)},
  year={2001},
}

@article{lancichinetti09community,
  author = {Lancichinetti, Andrea and Fortunato, Santo},
  volume = {80},
  journal = {Phys. Rev. E},
  month = {Nov},
  numpages = {11},
  title = {Community detection algorithms: A comparative analysis},
  year = {2009},
  url = {http://link.aps.org/doi/10.1103/PhysRevE.80.056117},
  doi = {10.1103/PhysRevE.80.056117},
  issue = {5},
  publisher = {American Physical Society},
  pages = {056117}
}

@article{lancichinetti09detecting,
  title={Detecting the overlapping and hierarchical community structure in complex networks},
  author={Lancichinetti, Andrea and Fortunato, Santo and Kert{\'e}sz, J\'{a}nos},
  journal={New Journal of Physics},
  volume={11},
  number={3},
  pages={033015},
  year={2009},
  publisher={IOP Publishing}
}

@article{landauer97solution,
  author = {Thomas K. Landauer and Susan T. Dumais},
  year = 1997,
  title = {A solution to {P}lato's 
     problem: The {L}atent {S}emantic {A}nalysis theory of the 
     acquisition, induction, and representation of knowledge},
  journal = {Psychological Review},
  volume = 104, 
  pages = {211--240},
}

@article{landauer98introduction,
  author = {T. K. Landauer and P. W. Foltz and D. Laham},
  year = 1998,
  title = {Introduction to {L}atent {S}emantic {A}nalysis},
  journal = {Discourse Processes},
  number = 25,
  pages = {259--284},
}

@article{landes98building,
  title={Building semantic concordances},
  author={Landes, Shari and Leacock, Claudia and Tengi, Randee I},
  journal={WordNet: An electronic lexical database},
  volume={199},
  number={216},
  pages={199--216},
  year={1998},
  publisher={MIT Press, Cambridge, MA}
}

@inproceedings{lau12word,
  author = {Jey Han Lau and Paul Cook and Diana McCarthy and David Newman and Timothy Baldwin},
  year=2012,
  title={Word Sense Induction for Novel Sense Detection},
  booktitle={Proceedings of the 13th Conference of the European Chapter of the Association for computational Linguistics (EACL 2012)},
}

@inproceedings{lau13word,
  title={unimelb:
Topic modelling-based word sense induction},
  author={Jey Han Lau and Paul Cook and Timothy Baldwin},
  booktitle={Proceedings of the Second Joint Conference on Lexical and Computational Semantics (*SEM), Volume 2: Seventh International Workshop on Semantic
Evaluation (SemEval 2013)},
  year=2013,
  pages={307--311},
}

@article{leicht08community,
  title={Community structure in directed networks},
  author={Leicht, E.A. and Newman, M.E.J.},
  journal={Physical Review Letters},
  volume={100},
  number={11},
  pages={118703},
  year={2008},
  publisher={APS}
}
@article{lemaire06effects,
  author = {Beno\^{i}t Lemaire and and Guy Henhi\'{e}re},
  title = {Effects of {H}igh-{O}rder {C}o-occurrences on {W}ord {S}emantic {S}imilarities},
  year = {2006},
  journal = {Current Psychology Letters},
  volume = 1,
  number = 18, 
}

@article{levy98explorations,
  author = {Joseph Levy and John Bullinaria and Malti Patel},
  year = 1998,
  title = {Explorations in the derivation of semantic representations from word co-occurrence statistics},
  journal = {South Paciï¬c Journal of Psychology},
  volume = 10,
  number = 1,
  pages = {99--111},
}

@conference{lewis91evaluating,
  title={{Evaluating text categorization}},
  author={David D. Lewis},
  booktitle={Proceedings of Speech and Natural Language Workshop},
  pages={312--318},
  series = {HLT '91},
  location = {Pacific Grove, California},
  pages = {312--318},
  year={1991}
}

@article{lewis08tastes,
  title={Tastes, ties, and time: A new social network dataset using Facebook. com},
  author={Lewis, K. and Kaufman, J. and Gonzalez, M. and Wimmer, A. and Christakis, N.},
  journal={Social Networks},
  volume={30},
  number={4},
  pages={330--342},
  year={2008},
  publisher={Elsevier}
}

@inproceedings{lin98automatic,
  author = {Dekang Lin},
  title = {Automatic {R}etrieval and {C}lustering of {S}imilar {W}ords},
  booktitle = {Proceedings of the Joint Annual Meeting of the Association for Computational Linguistics and International Conference on Computational Linguistics},
  pages = {768--774},
  year = 1998,
  location = {Montreal, Canada},
}

@inproceedings{lin98dependency,
  author = {Dekang Lin},
  year = 1998,
  title = {Dependency-based evaluation of {MINIPAR}},
  booktitle = {Proceedings of the LREC Workshop on the Evaluation of Parsing Systems},
  pages = {234--241}, 
  location = {Granada, Spain},
}

@inproceedings{lin01dirt,
  author = {Dekand Lin and Patrick Pantel},
  title = {{DIRT -- discovery of inference rules from text}},
  booktitle = {Proceedings of ACM SIGKDD Conference on Knowledge Discovery and Data Mining 2001},
  year = 2001,
  pages = {323--328},
}

@inproceedings{little10exploring,
  title={Exploring iterative and parallel human computation processes},
  author={Little, Greg and Chilton, Lydia B. and Goldman, Max and Miller, Robert C.},
  booktitle={Proceedings of the ACM SIGKDD workshop on human computation},
  pages={68--76},
  year={2010},
  organization={ACM}
}

@inbook{littman98automatic,
  author = {Michael L. Littman and Susan T. Dumais and Thomas K. Landauer},
  title = {Automatic cross-language information retrieval using latent semantic indexing},
  booktitle = {Cross language information retrieval},
  editor = {G. Grefenstette},
  publisher = {Kluwer},
  year = 1998,
}

@article{liu02discretization,
  title={Discretization: An enabling technique},
  author={Liu, H. and Hussain, F. and Tan, C.L. and Dash, M.},
  journal={Data mining and knowledge discovery},
  volume={6},
  number={4},
  pages={393--423},
  year={2002},
  publisher={Springer}
}

@inproceedings{lizorkin09analysis,
 author = {Lizorkin, Dmitry and Medelyan, Olena and Grineva, Maria},
 title = {Analysis of community structure in Wikipedia},
 booktitle = {Proceedings of the 18th international conference on World wide web},
 series = {WWW '09},
 year = {2009},
 location = {Madrid, Spain},
 pages = {1221--1222},
 numpages = {2},
 acmid = {1526938},
 publisher = {ACM},
 address = {New York, NY, USA},
} 

@techreport{louviere91best,
  author = {J. J. Louviere}, 
  year = 1991,
  title = {{Best-Worst Scaling: A Model for the Largest Difference Judgments}},
  institution = {University of Alberta},
  note = {Working Paper},
}

@article{lund96producing,
  author = {Kevin Lund and Curt Burgess},
  title = {Producing high-dimensional semantic spaces from lexical co-occrrence},
  year = 1996,
  journal = {Behavoir Research Methods, Instruments \& Computers},
  volume = 28,
  number = 2,
  pages = {203--208},
}

@article{luo09information,
  title={Information-theoretic distance measures for clustering validation: Generalization and normalization},
  author={Luo, P. and Xiong, H. and Zhan, G. and Wu, J. and Shi, Z.},
  journal={IEEE Transactions on Knowledge and Data Engineering},
  volume={21},
  number={9},
  pages={1249--1262},
  year={2009},
  publisher={IEEE}
}

@book{macwhinney00childes,
  author = {Brian MacWhinney},
  year = 2000,
  title = {The CHILDES project: Tools for analyzing talk. Third Edition},
  address = {Mahwah, NJ},
  publisher = {Lawrence Erlbaum Associates},
}

@inproceedings{maedche00discovering,
  title={{Discovering conceptual relations from text}},
  author={Maedche, A. and Staab, S.},
  booktitle={ECAI},
  year={2000},
}

@article{malin05network,
  title={A network analysis model for disambiguation of names in lists},
  author={Malin, B. and Airoldi, E. and Carley, K.M.},
  journal={Computational \& Mathematical Organization Theory},
  volume={11},
  number={2},
  pages={119--139},
  year={2005},
  publisher={Springer}
}

@conference{manandhar10semeval,
  title={{SemEval-2010 task 14: Word sense induction \& disambiguation}},
  author={Suresh Manandhar and Ioannis P. Klapaftis and Dmitriy Dligach and Sameer S. Pradhan},
  booktitle={Proceedings of the 5th International Workshop on Semantic Evaluation},
  pages={63--68},
  year={2010},
  organization={Association for Computational Linguistics}
}

@inproceedings{manandhar09semeval,
  author = {Suresh Manandhar and Ioannis P. Klapaftis}, 
  title = {Sem{E}val-2010 {T}ask 14: {E}valuation {S}etting for {W}ord {S}ense {I}nduction \& {D}isambiguation {S}ystems},
  booktitle = {{NAACL-HLT} 2009 {W}orkshop on {S}emantic {E}valuations: {R}ecent {A}chievements and {F}uture {D}irections},
  location = {Boulder, Colorado, {USA}},
  year =2009,
}

@inproceedings{mangalath04analogy,
  author = {Praful Mangalath and Jos\'{e} Quesada and Walter Kintsch},
  title = {Analogy-making as Predication Using Relational Information and LSA Vectors},
  editor = {K. D. Forbus and D. Gentner and T. Regier},
  booktitle = {Proceedings of the 26th Annual Meeting of the Cognitive Science Society},
  year = 2004,
  address = {Chicago},
  publisher = {Lawrence Erlbaum Associates},
}

@mastersthesis{martin95instance,
  title = {{Instance-based learning: nearest neighbour with generalisation}},
  author = {Brent Martin},
  year = {1995},
  school = {University of Waikato},
  location = {Hamilton, New Zealand},
}

@article{martin10word,
  title={Word sense disambiguation in opinion mining: Pros and cons},
  author={Mart{\i}n-Wanton, T. and Balahur-Dobrescu, A. and Montoyo-Guijarro, A. and Pons-Porrata, A.},
  journal={Special issue: Natural Language Processing and its Applications},
  pages={119},
  year={2010}
}

@article{mason12conducting,
  title={Conducting behavioral research on Amazonâs Mechanical Turk},
  author={Mason, W. and Suri, S.},
  journal={Behavior Research Methods},
  volume={44},
  number={1},
  pages={1--23},
  year={2012},
  publisher={Springer}
}

@unpublished{mccallum02mallet,
  author = "Andrew Kachites McCallum",
  title = "MALLET: A Machine Learning for Language Toolkit",
  note = {\url{http://mallet.cs.umass.edu}},
  year = 2002,
}

@inproceedings{mccarthy04finding,
  author = {Diana McCarthy and Rob Koeling and Julie Weeds and John Carroll},
  title = {Finding predominant word senses in untagged text},
  booktitle = {ACL '04: Proceedings of the 42nd Annual Meeting on Association for Computational Linguistics},
  year = {2004},
  pages = {279},
  location = {Barcelona, Spain},
  publisher = {Association for Computational Linguistics},
  address = {Morristown, NJ, USA},
}

@article{mccarthy06relating,
  title={{Relating WordNet senses for word sense disambiguation}},
  author={Diana McCarthy},
  journal={Making Sense of Sense: Bringing Psycholinguistics and Computational Linguistics Together},
  pages={17},
  year={2006}
}

@inproceedings{mccarthy07semeval,
  title={SemEval-2007 task 10: English lexical substitution task},
  author={Diana McCarthy and Roberto Navigli},
  booktitle={Proceedings of the 4th International Workshop on Semantic Evaluations (SemEval-2007)},
  pages={48--53},
  year={2007}
}

@misc{mcdaid2011normalized,
  Author = {Aaron F. McDaid and Derek Greene and Neil Hurley},
  Title = {Normalized Mutual Information to evaluate overlapping community finding algorithms},
  Year = {2011},
  Eprint = {arXiv:1110.2515},
  note = {arXiv:1110.2515},
}

@inproceedings{mcdonald04distributional,
  author = {Scott A. McDonald and Chris Brew},
  title = {A distributional model of semantic context effects in lexical processing},
  pages = {425--469},
  booktitle = {ACL '04: Proceedings of the 42nd Annual Meeting on Association for Computational Linguistics},
  year = {2004},
}

@article{miller1991contextual,
  title={{Contextual correlates of semantic similarity}},
  author={Miller, G.A. and Charles, W.G.},
  journal={Language and cognitive processes},
  volume={6},
  number={1},
  pages={1--28},
  year={1991},
  publisher={Psychology Press}
}

@inproceedings{medelyan09human,
  author = {Olena Medelyan and Eibe Frank and Ian H. Witten},
  year = 2009,
  title = {Human-competitive tagging using automatic keyphrase extraction},
  booktitle = {Proceedings of the International Conference of Empirical Methods in Natural Language Processing, EMNLP-2009},
  location = {Singapore},
}

@article{mei08generating,
  title={{Generating impact-based summaries for scientific literature}},
  author={Qiaozhu Mei, ChengXiang Zhai},
  journal={Proceedings of ACL-08: HLT},
  pages={816--824},
  year={2008},
  publisher={ACL}
}

@inproceedings{meilua03comparing,
  title={Comparing clusterings by the variation of information},
  author={Meil{\u{a}}, M.},
  booktitle={Proceedings of the Sixteenth Annual Conference ofn Computational Learning Theory (COLT)},
  year={2003},
  publisher={Springer}
}

@article{meilua07comparing,
  title={Comparing clusterings -- an information based distance},
  author={Meil{\u{a}}, M.},
  journal={Journal of Multivariate Analysis},
  volume={98},
  number={5},
  pages={873--895},
  year={2007},
  publisher={Elsevier}
}

@article{milo02network,
  title={Network motifs: simple building blocks of complex networks},
  author={Milo, R. and Shen-Orr, S. and Itzkovitz, S. and Kashtan, N. and Chklovskii, D. and Alon, U.},
  journal={Science},
  volume={298},
  number={5594},
  pages={824},
  year={2002},
  publisher={American Association for the Advancement of Science}
}

@inproceedings{mihalcea01ez,
  title={Ez. wordnet: Principles for automatic generation of a coarse grained wordnet},
  author={Mihalcea, R. and Moldovan, D.I.},
  booktitle={Proc. of FLAIRS Conference 2001},
  year={2001}
}

@inproceedings{mihalcea04senseval,
  title={The Senseval-3 English lexical sample task},
  author={Mihalcea, R. and Chklovski, T. and Kilgarriff, A.},
  booktitle={Senseval-3: Third International Workshop on the Evaluation of Systems for the Semantic Analysis of Text},
  pages={25--28},
  year={2004},
  organization={Barcelona, Spain, Association for Computational Linguistics}
}

@inproceedings{mihalcea05unsupervised,
  title={Unsupervised large-vocabulary word sense disambiguation with graph-based algorithms for sequence data labeling},
  author={Mihalcea, Rara},
  booktitle={Proceedings of the conference on Human Language Technology and Empirical Methods in Natural Language Processing},
  pages={411--418},
  year={2005}
}

@article{miller95wordnet,
  author={George A. Miller},
  year=1995,
  title={{WordNet: A Lexical Database for English}}, 
  journal={Communications of the ACM},
  volume=38,
  number=11,
  pages={39--41},
}

@inproceedings{miller93semantic,
  title={A semantic concordance},
  author={Miller, G.A. and Leacock, C. and Tengi, R. and Bunker, R.T.},
  booktitle={Proceedings of the workshop on Human Language Technology},
  pages={303--308},
  year={1993},
  organization={Association for Computational Linguistics}
}

@inproceedings{mitchell08vector,
  author = {Jeff Mitchell and Mirella Lapata},
  title = {Vector-based Models of Semantic Composition},
  booktitle = {Proceedings of the ACL},
  pages = {236--244},
  year = 2008,
}

@article{moffat08rank,
  title={Rank-biased precision for measurement of retrieval effectiveness},
  author={Moffat, A. and Zobel, J.},
  journal={ACM Transactions on Information Systems (TOIS)},
  volume={27},
  number={1},
  pages={2},
  year={2008},
  publisher={ACM}
}

@inproceedings{mohammad10emotions,
  title={Emotions evoked by common words and phrases: Using mechanical turk to create an emotion lexicon},
  author={Mohammad, Saif M. and Turney, Peter D.},
  booktitle={Proceedings of the NAACL-HLT 2010 Workshop on Computational Approaches to Analysis and Generation of Emotion in Text},
  pages={26--34},
  year={2010},
  organization={Association for Computational Linguistics}
}

@article{moravcsik75some,
  title={{Some results on the function and quality of citations}},
  author={Michael J. Moravcsik and Poovanalingam Murugesan},
  journal={Social Studies of Science},
  volume={5},
  number={1},
  pages={86--92},
  issn={0306-3127},
  year={1975},
}

@article{mucha10community,
  title={Community structure in time-dependent, multiscale, and multiplex networks},
  author={Mucha, P.J. and Richardson, T. and Macon, K. and Porter, M.A. and Onnela, J.P.},
  journal={Science},
  volume={328},
  number={5980},
  pages={876},
  year={2010},
  publisher={American Association for the Advancement of Science}
}


@article{murray04lexical,
  title={Lexical knowledge and human disagreement on a WSD task},
  author={Murray, G.C. and Green, R.},
  journal={Computer Speech \& Language},
  volume={18},
  number={3},
  pages={209--222},
  year={2004},
  publisher={Elsevier}
}

@inproceedings{murray12using,
  title={Using the Omega Index for Evaluating Abstractive Community Detection},
  author={Murray, G. and Carenini, G. and Ng, R.},
  booktitle={Proceedings of the Workshop on Evaluation Metrics and System Comparison for Automatic Summarization},
  year={2012}
}

@article{murtagh12algorithms,
  title={Algorithms for hierarchical clustering: an overview},
  author={Murtagh, Fionn and Contreras, Pedro},
  journal={Wiley Interdisciplinary Reviews: Data Mining and Knowledge Discovery},
  publisher={Wiley Online Library},
  year=2012,
  volume=2,
  pages={86--97},
}

@conference{nanba99towards,
  title={{Towards multi-paper summarization using reference information}},
  author={Hidetsugu Nanba and Manabu Okumura},
  booktitle={International Joint Conference on Artificial Intelligence},
  volume={16},
  pages={926--931},
  issn={1045-0823},
  year={1999},
  organization={Citeseer}
}

@inproceedings{navigli07graph,
  title={Graph connectivity measures for unsupervised word sense disambiguation},
  author={Navigli, Roberto and Lapata, Mirella},
  booktitle={Proceedings of the 20th international joint conference on Artifical intelligence},
  pages={1683--1688},
  year={2007},
  organization={Morgan Kaufmann Publishers Inc.}
}

@article{navigli09word,
  title={Word sense disambiguation: A survey},
  author={Roberto Navigli},
  journal={ACM Computing Surveys (CSUR)},
  volume={41},
  number={2},
  pages={10},
  year={2009},
  publisher={ACM}
}

@inproceedings{navigli10inducing,
  title={Inducing word senses to improve web search result clustering},
  author={Roberto Navigli and Giuseppe Crisafulli},
  booktitle={Proceedings of the 2010 Conference on Empirical Methods in Natural Language Processing},
  pages={116--126},
  year={2010},
  organization={Association for Computational Linguistics}
}

@mastersthesis{neill02fully,
  author = {Daniel B. Neill},
  title = {Fully Automatic Word Sense Induction by Semantic Clustering},
  school = {Cambridge University},
  year = 2002,
}

@article{newman04analysis,
  title={Analysis of weighted networks},
  author={Newman, Mark E.J.},
  journal={Physical Review E},
  volume={70},
  number={5},
  pages={056131},
  year={2004},
  publisher={APS}
}

@article{newman04finding,
  title={Finding and evaluating community structure in networks},
  author={Newman, Mark E.J. and Girvan, M},
  journal={Physical review E},
  volume={69},
  number={2},
  pages={026113},
  year={2004},
  publisher={APS}
}

@inproceedings{ng99case,
  author={H.W. Ng and C.Y. Lim and S.K. Foo},
  title={A  Case  Study  on Inter-Annotator  Agreement  for Word  Sense  Disambiguation},
  year=1999,
  booktitle={Proceedings of the {ACL} {SIGLEX} Workshop on Standardizing Lexical Resources},
}

@conference{ng01spectral,
  title={{On spectral clustering: Analysis and an algorithm}},
  author={Andrew Ng and Michael Jordan and Yair Weiss},
  booktitle={Advances in Neural Information Processing Systems 14: Proceeding of the 2001 Conference},
  pages={849--856},
  year={2001}
}

@inproceedings{ng97getting,
  title={Getting serious about word sense disambiguation},
  author={Ng, H.T.},
  booktitle={Proceedings of the ACL SIGLEX Workshop on Tagging Text with Lexical Semantics: Why, What, and How},
  pages={1--7},
  year={1997}
}

@conference{nguyen07exploiting,
  title={{Exploiting syntactic and semantic information for relation extraction from wikipedia}},
  author={Dat P.T. Nguyen and Yutaka Matsuo and Mitsuru Ishizuka},
  booktitle={IJCAI Workshop on Text-Mining \& Link-Analysis (TextLink 2007)},
  year={2007}
}

@conference{nguyen07relation,
  title={{Relation extraction from wikipedia using subtree mining}},
  author={Dat P.T. Nguyen and Yutaka Matsuo and Mitsuru Ishizuka},
  booktitle={Proceedings of the National Conference on Artificial Intelligence},
  volume={22},
  number={2},
  pages={1414},
  year={2007},
  organization={Menlo Park, CA; Cambridge, MA; London; AAAI Press; MIT Press; 1999}
}

@inproceedings{niu05word-b,
 author = {Niu, Cheng and Li, Wei and Srihari, Rohini K. and Li, Huifeng},
 title = {Word independent context pair classification model for word sense disambiguation},
 booktitle = {Proceedings of the Ninth Conference on Computational Natural Language Learning},
 series = {CONLL '05},
 year = {2005},
 location = {Ann Arbor, Michigan},
 pages = {33--39},
 publisher = {Association for Computational Linguistics},

} 


@inproceedings{niu05word,
  title={Word sense disambiguation using label propagation based semi-supervised learning},
  author={Niu, Z.Y. and Ji, D.H. and Tan, C.L.},
  booktitle={Proceedings of the 43rd Annual Meeting on Association for Computational Linguistics},
  pages={395--402},
  year={2005},
  organization={Association for Computational Linguistics}
}

@inproceedings{nivre03efficient,
  author = {Joakim Nivre},
  year = 2003,
  title = {An Efficient Algorithm for Projective Dependency Parsing},
  booktitle = {Proceedings of the 8th International Workshop on Parsing Technologies (IWPT 03)},
  location = {Nancy, France},
  month = {April},
  pages = {149--160},
}

@misc{orme05accuracy,
  title={Accuracy of HB Estimation in MaxDiff Experiments},
  author={Orme, Bryan},
  note={Sawtooth Software Research Paper},
  year={2005}
}

@misc{orme09maxdiff,
  title={MaxDiff Analysis: Simple Counting, Individual-Level Logit, and HB},
  author={Bryan Orme},
  year=2009,
  organization={Sawtooth Software},
}

@article{pado07dependency,
  author = {Sebastian Pad\'{o} and Mirella Lapata},
  title = {Dependency-{B}ased {C}onstruction of {S}emantic {S}pace {M}odels},
  journal = {Computational Linguistics},
  volume = {33},
  number = {2},
  year = {2007},
  pages = {161--199},
  publisher = {MIT Press},
  address = {Cambridge, MA, USA},
}

@article{palla05uncovering,
  title={{Uncovering the overlapping community structure of complex networks in nature and society}},
  author={Palla, G. and Der{\'e}nyi, I. and Farkas, I. and Vicsek, T.},
  journal={Nature},
  volume={435},
  number={7043},
  pages={814--818},
  issn={0028-0836},
  year={2005},
  publisher={Nature Publishing Group}
}

@inproceedings{palmer04different,
  title={Different sense granularities for different applications},
  author={Palmer, Martha and Babko-Malaya, Olga and Dang, Hoa Trang},
  year=2004,
  booktitle={Proceedings of the Second Workshop on Scalable Natural Language Understanding 
Systems at HLT/NAACL},
}

@article{palmer07making,
  title={{Making fine-grained and coarse-grained sense distinctions, both manually and automatically}},
  author={Martha Palmer and Hoa Trang Dang and Christiane Fellbaum},
  journal={Natural Language Engineering},
  volume={13},
  number={02},
  pages={137--163},
  year={2007},
}

@inproceedings{pantel02discovering,
  author = {Patrick Pantel and Dekang Lin},
  year = 2002,
  title = {Discovering Word Senses from Text},
  booktitle = {Proceedings of ACM Conference on Knowledge Discovery and Data Mining (KDD-02)},
  pages = {613--619},
}

@inproceedings{pantel06espresso,
  title={{Espresso: Leveraging generic patterns for automatically harvesting semantic relations}},
  author={Patrick Pantel and Marco Pennacchiotti},
  booktitle={Proceedings of Conference on Computational Linguistics / Association for Computational Linguistics (COLING/ACL-06)},
  pages={113--120},
  year={2006}
}

@inproceedings{pantel08automatically,
  title={{Automatically harvesting and ontologizing semantic relations}},
  author={Patrick Pantel and Marco Pennacchiotti},
  booktitle={Proceeding of the 2008 conference on Ontology Learning and Population: Bridging the Gap between Text and Knowledge},
  pages={171--195},
  year={2008},
  organization={IOS Press}
}

@inproceedings{pasca06organizing,
  title={{Organizing and searching the world wide web of facts-step one: the one-million fact extraction challenge}},
  author={Pas\c{c}a, M. and Lin, D. and Bigham, J. and Lifchits, A. and Jain, A.},
  booktitle={Proceedings of the National Conference on Artificial Intelligence (AAAI-06)},
  year={2006},
}

@inproceedings{passonneau06inter,
  title={Inter-annotator agreement on a multilingual semantic annotation task},
  author={Passonneau, Rebecca and Habash, Nizar and Rambow, Owen},
  booktitle={Proceedings of the Fifth International Conference on Language Resources and Evaluation (LREC)},
  pages={1951--1956},
  year={2006}
}

@inproceedings{passonneau06measuring,
  title={Measuring agreement on set-valued items (MASI) for semantic and pragmatic annotation},
  author={Passonneau, Rebecca},
  booktitle={Proceedings of the Fifth International Conference on Language Resources and Evaluation (LREC)},
  pages={831--836},
  year={2006}
}

@inproceedings{passonneau09making,
  title={Making sense of word sense variation},
  author={Passonneau, R.J. and Salleb-Aouissi, A. and Ide, N.},
  year={2009},
  booktitle={Proceedings of the NAACL HLT Workshop on Semantic Evaluations: Recent Achievements and Future Directions}
}

@inproceedings{passonneau10word,
  title={{Word sense annotation of polysemous words by multiple annotators}},
  author={Rebecca J. Passonneau and Ansaf Salleb-Aoussi and Vikas Bhardwaj and Nancy Ide},
  booktitle={Proceedings of Seventh International Conference on Language Resources and Evaluation (LREC-7)},
  location= {Valleta, Malta},
  year={2010}
}

@article{passonneau12multiplicity,
  title={Multiplicity and word sense: evaluating and learning from multiply labeled word sense annotations},
  author={Passonneau, R.J. and Bhardwaj, V. and Salleb-Aouissi, A. and Ide, N.},
  journal={Language Resources and Evaluation},
  pages={1--34},
  year={2012},
  publisher={Springer}
}
@inproceedings{pedersen97distinguishing,
  author = {Ted Pedersen and Rebecca Bruce},
  title = {Distinguishing word senses in untagged text},
  booktitle = {Proceedings of the Second Conference on Empirical Methods in Natural Language Processing},
  year = 1997,
  pages = {197--207},
  location = {Providence, RI},
  month = {August},
}

@inproceedings{pedersen00simple,
  title={A simple approach to building ensembles of Naive Bayesian classifiers for word sense disambiguation},
  author={Pedersen, Ted},
  booktitle={Proceedings of the 1st North American chapter of the Association for Computational Linguistics conference},
  pages={63--69},
  year={2000},
  organization={Association for Computational Linguistics}
}

@inproceedings{pedersen06automaticcluster,
  author = {Ted Pedersen and Anagha Kulkarni},
  title = {Automatic cluster stopping with criterion functions and the
    Gap Statistic},
  booktitle = {In Proceedings of the Demo Session of HLT/NAACL},
  year = {2006},
  pages = {276--279}
}

@incollection{pedersen06unsupervised,
  author = {Ted Pedersen}, 
  title = {Unsupervised {C}orpus-{B}ased {M}ethods for {WSD}},
  editor = {E. Agirre and P. Edmonds}, 
  booktitle = {Word Sense Disambiguation: Algorithms and applications},
  publisher = {Springer},
  year = 2006,
}

@inproceedings{pedersen10duluth,
  author = {Ted Pedersen},
  title = {Duluth-WSI: SenseClusters Applied to the Sense Induction Task of SemEval-2},
  booktitle = {Proceedings of the SemEval 2010 Workshop : the 5th International Workshop on Semantic Evaluations},
  month = {July},
  date = {15--16},
  year = 2010,
  pages = {363--366},
  location = {Uppsala, Sweden},
}

@article{pedregosa11scikit,
  title={Scikit-learn: Machine learning in Python},
  author={Pedregosa, Fabian and Varoquaux, Ga{\"e}l and Gramfort, Alexandre and Michel, Vincent and Thirion, Bertrand and Grisel, Olivier and Blondel, Mathieu and Prettenhofer, Peter and Weiss, Ron and Dubourg, Vincent and others},
  journal={The Journal of Machine Learning Research},
  volume={12},
  pages={2825--2830},
  year={2011},
  publisher={JMLR. org}
}

@article{pennacchiotti06bootstrapping,
  title={{A bootstrapping algorithm for automatically harvesting semantic relations}},
  author={Marco Pennacchiotti and Patrick Pantel},
  journal={Proceedings of Inference in Computational Semantics (ICoS-06), Buxton, England},
  year={2006},
  publisher={Citeseer}
}

@inproceedings{pennacchiotti06ontologizing,
  title={{Ontologizing semantic relations}},
  author={Marco Pennacchiotti and Patrick Pantel},
  booktitle={Proceedings of the 21st International Conference on Computational Linguistics and the 44th annual meeting of the Association for Computational Linguistics},
  pages={793--800},
  year={2006},
  organization={Association for Computational Linguistics}
}

@inproceedings{peirsman08size,
  title={{Size matters. Tight and loose context definitions in English word space models}},
  author={Yves Peirsman and Kris Heylen and Dirk Geeraerts},
  booktitle={{ESSLLI Workshop on Distributional Lexical Semantics}},
  pages={34--41},
  year = 2008,
}

@incollection {pham03new,
   author = {Son Bao Pham and Achim Hoffmann},
   title = {A New Approach for Scientific Citation Classification Using Cue Phrases},
   booktitle = {AI 2003: Advances in Artificial Intelligence},
   series = {Lecture Notes in Computer Science},
   editor = {Tam\'{a}s D. Gedeon and Lance Chun Che Fung},
   publisher = {Springer Berlin / Heidelberg},
   pages = {759-771},
   volume = {2903},
   year = {2003}
}

@inproceedings{pilehvar13paving,
  title={Paving the Way to a Large-scale Pseudosense-annotated Dataset},
  author={Pilehvar, Mohammad Taher and Navigli, Roberto},
  booktitle={Proceedings of NAACL-HLT},
  pages={1100--1109},
  year={2013}
}

@article{plate95holographic,
  author = {T. A. Plate},
  title = {Holographic reduced representations},
  journal = {IEEE Transactions on Neural Networks},
  volume = 6,
  pages = {623--641},
  year = 1995,
}

@inproceedings{purandare04discriminating,
  author = {Amruta Purandare and Ted Petersen},
  title = {Discriminating Among Word Meanings by Identifying Similar Contexts},
  booktitle = {Proceedings of the Nineteenth National Conference on Artificial Intelligence (AAAI-04)},
  year = 2004,
  pages = {964--965},
}  

@inproceedings{purandare2004word,
  title={Word sense discrimination by clustering contexts in vector and similarity spaces},
  author={Purandare, Amruta and Pedersen, Ted},
  booktitle={Proceedings of the Conference on Computational Natural Language Learning},
  pages={41--48},
  year={2004},
  organization={Boston}
}
@inproceedings{pustejovsky04automated,
  title={Automated induction of sense in context},
  author={Pustejovsky, James and Hanks, Patrick and Rumshisky, Anna},
  booktitle={Proceedings of the 20th international conference on Computational Linguistics},
  pages={924},
  year={2004},
  organization={Association for Computational Linguistics}
}

@mastersthesis{radoulov08exploring,
  title ={Exploring automatic citation classification},
  author = {Radoslav Radoulov},
  school = {University of Waterloo},
  address = {Waterloo, Ontario, Canada},
  year = {2008},
}

@inproceedings{ramage09topic,
  title={Topic modeling for the social sciences},
  author={Ramage, D. and Rosen, E. and Chuang, J. and Manning, C.D. and McFarland, D.A.},
  booktitle={NIPS 2009 Workshop on Applications for Topic Models: Text and Beyond},
  year={2009}
}

@article{rand71objective,
  title={Objective criteria for the evaluation of clustering methods},
  author={Rand, W.M.},
  journal={Journal of the American Statistical association},
  volume={66},
  number={336},
  pages={846--850},
  year={1971},
  publisher={Taylor \& Francis}
}

@inproceedings{rapp03word,
  author = {Reinhard Rapp},
  year = 2003,
  title = {Word sense discovery based on sense descriptor dissimilarity},
  booktitle = {Ninth Machine Translation Summit},
  address = {New Orleans},
  pages = {315--322},
}

@mastersthesis{raven36mental,
  author={Raven, J. C.},
  year = 1936,
  title = {Mental tests used in genetic studies: The performances of related individuals in tests mainly educative and mainly reproductive},
  note={Unpublished master's thesis},
  school={University of London},
}

@conference{ravichandran02learning,
  title={{Learning surface text patterns for a question answering system}},
  author={Deepak Ravichandran and Eduard Hovy},
  booktitle={Proceedings of Association for Computational Linguistics},
  volume={2},
  pages={41--47},
  year={2002}
}

@inproceedings{raykar11annotation,
  title={Annotation models for crowdsourced ordinal data},
  author={Raykar, V.C. and Yu, S.},
  year=2011,
  booktitle={Proceedings of the Second Workshop on Computational Social Science and the Wisdom of Crowds (NIPS 2011)}
}


@article{rehder98using,
  author = {B. Rehder and M. E. Schreiner and M. B. Wolfe and D. Laham and T. K. Landauer and W. Kintsch},
  year = 1998,
  title = {Using {L}atent {S}emantic {A}nalysis to assess knowledge: Some technical considerations},
  journal = {Discourse Processes},
  volume = 25, 
  pages = {337--354},
}

@inproceedings{rentoumi09sentiment,
  title={Sentiment analysis of figurative language using a word sense disambiguation approach},
  author={Rentoumi, V. and Giannakopoulos, G. and Karkaletsis, V. and Vouros, G.A.},
  booktitle={Proceedings of the International Conference on Recent Advances in Natural Language Processing (RANLP)},
  volume={9},
  pages={370--375},
  year={2009}
}

@article{resnik00distinguishing,
  title={Distinguishing systems and distinguishing senses: New evaluation methods for word sense disambiguation},
  author={Resnik, P. and Yarowsky, D.},
  journal={Natural language engineering},
  volume={5},
  number={3},
  pages={113--133},
  year={2000},
  publisher={Cambridge Univ Press}
}

@article{rodriguez10exposing,
  title={Exposing multi-relational networks to single-relational network analysis algorithms},
  author={Rodriguez, M.A. and Shinavier, J.},
  journal={Journal of Informetrics},
  volume={4},
  number={1},
  pages={29--41},
  year={2010},
  publisher={Elsevier}
}

@article{rogers60computer,
  title={A computer program for classifying plants},
  author={Rogers, David J. and Tanimoto, Taffee T.},
  journal={Science},
  volume={132},
  number={3434},
  pages={1115},
  year={1960},
  publisher={American Association for the Advancement of Science}
}

@article{rosvall08maps,
  title={{Maps of random walks on complex networks reveal community structure}},
  author={Martin Rosvall and Carl T. Bergstrom.},
  journal={Proceedings of the National Academy of Sciences},
  volume={105},
  number={4},
  pages={1118},
  year={2008},
  publisher={National Academy of Sciences}
}

@inproceedings{rosenberg07vmeasure,
  author = {Andrew Rosenberg and Julia Hirschberg},
  title = {V-Measure: A Conditional Entropy-Based External Cluster Evaluation Measure},
  booktitle = {Proceedings of the 2007 Joint Conference on Empirical Methods in Natural Language Processing and Computational Natural Language Learning (EMNLP-CoNLL)},
  location = {Prague, Czech Republic},
  month = {June},
  year = 2007,
  publisher = {A{C}{L}},
} 

@inproceedings{ross10crowdworkers,
  title={Who are the crowdworkers?: shifting demographics in mechanical turk},
  author={Ross, J. and Irani, L. and Silberman, M. and Zaldivar, A. and Tomlinson, B.},
  booktitle={Proceedings of the 28th of the international conference extended abstracts on Human factors in computing systems},
  pages={2863--2872},
  year={2010},
  organization={ACM}
}

@article{rosvall09map,
  title={{The map equation}},
  author={Rosvall, M. and Axelsson, D. and Bergstrom, C.T.},
  journal={The European Physical Journal-Special Topics},
  volume={178},
  number={1},
  pages={13--23},
  issn={1951-6355},
  year={2009},
  publisher={Springer}
}

@inproceedings{rozenfeld06high,
  title={{High-performance unsupervised relation extraction from large corpora}},
  author={Rozenfeld, B. and Feldman, R.},
  booktitle={Sixth International Conference on Data Mining (ICDM'06)},
  year={2006}
}

@article{rubenstein65contextual,
  author = {H. Rubenstein and J. B. Goodenough},
  title = {Contextual Correlates of Synonymy},
  journal = {Communications of the ACM},
  year = 1965,
  volume = 8,
  pages = {627--633},
}

@inproceedings{rumshisky06inducing,
  title={Inducing sense-discriminating context patterns from sensetagged corpora},
  author={Rumshisky, A. and Pustejovsky, J.},
  booktitle={Proceedings of LREC},
  location={Genoa, Italy},
  year={2006},
}

@inproceedings{rumshisky08polysemy,
  title={Polysemy in verbs: systematic relations between senses and their effect on annotation},
  author={Rumshisky, Anna and Batiukova, Olga},
  booktitle={Proceedings of the Workshop on Human Judgements in Computational Linguistics},
  pages={33--41},
  year={2008},
  organization={Association for Computational Linguistics}
}

@article{rumshisky12word,
  title={Word Sense Inventories by Non-experts},
  author={Rumshisky, A. and Botchan, N. and Kushkuley, S. and Pustejovsky, J.},
  journal={LREC, Istanbul},
  year={2012}
}

@misc{ruppenhofer06framenet,
  title={Framenet ii: Extended theory and practice},
  author={Ruppenhofer, J. and Ellsworth, M. and Petruck, M.R.L. and Johnson, C.R. and Scheffczyk, J.},
  note={\url{http://framenet.icsi.berkeley.edu/}},
  year=2006,
}

@inproceedings{rus09assessing,
  title={Assessing student paraphrases using lexical semantics and word weighting},
  author={Rus, V. and Lintean, M. and Graesser, AC and McNamara, DS},
  booktitle={Proceedings of the 14th International Conference on Artificial Intelligence in Education, Brighton, UK},
  year={2009}
}

@inproceedings{sahlgren01vector,
  author = {Magnus Sahlgren},
  title = {Vector-Based Semantic Analysis: Representing Word Meanings Based on Random Labels},
  booktitle = {Proceedings of the ESSLLI 2001 Workshop on Semantic Knowledge Acquisition and Categorisation}, 
  address = {Helsinki, Finland},
  year = 2001,
}

@inproceedings{sahlgren02towards,
  author = {Magnus Sahlgren},
  year = {2002},
  address = {Stanford University, Palo Alto, California, USA},
  booktitle = {Proceedings of AAAI Spring Symposium 2002},
  title = {Towards a flexible model of word meaning}
}

@inproceedings{sahlgren05introduction,
  author = {Magnus Sahlgren},
  title = {An introduction to random indexing},
  year = 2005,
  booktitle = {Proceedings of the Methods and Applicatons of Semantic Indexing Workshop at the 7th International Conference on Terminology and Knowledge Engineering},    
}

@inproceedings{sahlgren08permutations,
  author = {M. Sahlgren and A. Holst and P. Kanerva}, 
  year = 2008,
  title = {Permutations as a Means to Encode Order in Word Space},
  booktitle = {Proceedings of the 30th Annual Meeting of the Cognitive Science Society (CogSci'08)},
  location = {Washington D.C., USA},
}

@article{salton75vector,
  author = {Gerard Salton and A. Wong and C. S. Yang},
  year = 1975,
  title = "A Vector Space Model for Automatic Indexing",
  journal = {Communications of the ACM},
  volume = 18,
  number = 11,
  pages = {613--620},
}

@article{salton88term,
  author = {G. Salton and C. Buckley},
  year = 1988,
  title = {Term-weighting approaches in automatic text retrieval},
  journal = {Information Processing \& Management},
  volume = 24,
  numberm = 5,
  pages = {513-â523},
}

@misc{sawtooth07maxdiff,
  author = {Sawtooth Software, Inc},
  year = 2007,
  title = {The MaxDiff/Web Technical Paper},
  note = {Technical Report},
}

@inproceedings{schmid94probabilistic,
  author = {Helmut Schmid},
  title = {Probabilistic part-of-speech tagging using decision trees},
  booktitle = {Proceedings of the International Conference on New Methods in Language Processing},
  year = 1994,
}

@inproceedings{schutze92dimensions,
  author = {Hinrich Sch\"{u}tze},
  title = "Dimensions of meaning",
  booktitle = {Proceedings of Supercomputing '92},
  pages = {787--796},
  year = 1992,
}

@inproceedings{schutze92context,
  author = {Hinrich Sch\"{u}tze},
  title = {Context Space},
  booktitle = {Working Notes of the AAAI Fall Symposium on Probabilistic Approaches to Natural Language},
  editor = {Robert Goldman and Peter Norvig and Eugene Charniak and Bill Gale},
  year = {1992},
  publisher = {AAAI Press},
  address = {Menlo Park, CA},
  pages = {113--120},
}

@inproceedings{schutze93word,
  author = {Hinrich Sch\"{u}tze},
  title = {Word space},
  booktitle = {Advances in Neural Information Processing Systems 5},
  year = {1993},
  pages = {895--902},
  publisher = {Morgan Kaufmann}
}

@inproceedings{schutze95information,
  title={Information retrieval based on word senses},
  author={Sch{\"u}tze, H. and Pedersen, J.O.},
  year={1995},
  booktitle={Proceedings of SDAIR}
}

@article{schutze98automatic,
  author = {Hinrich Sch\"{u}tze},
  title = {Automatic Word Sense Discrimination},
  journal = {Computational Linguistics},
  year = {1998},
  volume = 24,
  number = 1,
  pages = {97--123},
}

@book{scott92multivariate,
  title={Multivariate density estimation},
  author={Scott, D.W.},
  publisher={Wiley, New York},
  year={1992}
}

@misc{shaoul09usenet,
  author = {Cyrus Shaoul and Chris Westbury},
  year = 2009,
  title = {{A USENET corpus (2005-2009)}},
  note = {Edmonton, AB: University of Alberta (downloaded from \url{http://www.psych.ualberta.ca/~westburylab/downloads/usenetcorpus.download.html})},
} 

@article{shaoul06word,
  author = {Cyrus Shaoul and Chris Westbury},
  title = {Word frequency effects in high-dimensional co-occurrence models: A new approach},
  journal = {Behavior Research Methods},
  volume = 38,
  number = 2,
  year = 2006,
  pages = {190--195},
}

@conference{shi10citing,
  title={{Citing for high impact}},
  author={Xiaolin Shi and Jure Leskovec and Daniel A. McFarland},
  booktitle={Proceedings of the 10th annual Joint Conference on Digital libraries},
  pages={49--58},
  year={2010},
  organization={ACM}
}

@inproceedings{shindler11fast,
 author = {Michael Shindler and Alex Wong and Adam Meyerson},
  title = {Fast and Accurate k-means for Large Datasets},
  booktitle = {NIPS},
  year = 2011,
}

@inproceedings{sia08efficient,
  author = {Ka Cheung Sia and Junghoo Cho and Yun Chi and Belle L. Tseng},
  title = {Efficient Computation of Personal Aggregate Queries on Blogs},
  booktitle = {Proceedings of the ACM SIGKDD International Conference on Knowledge Discovery and Data Mining (KDD)}, 
  month = {August},
  year = 2008,
}

@book{siegel88nonparametric,
  title={Nonparametric Statistics for the Behavioral Sciences},
  author={Sidney Siegel and Castellan Jr., N. John },
  publisher={McGraw-Hill},
  year=1988,
  edition={Second},
}

@inproceedings{singh02open,
  author = {Push Singh and Thomas Lin and Erik T. Mueller and Grace Lim and Travell Perkins and Wan Li Zhu},
  title = {Open {M}ind {C}ommon {S}ense: {K}nowledge {A}cquisition from the {G}eneral {P}ublic},
  booktitle = {On the Move to Meaningful Internet Systems, 2002 - DOA/CoopIS/ODBASE 2002 Confederated International Conferences DOA, CoopIS and ODBASE 2002},
  year = {2002},
  pages = {1223--1237},
  publisher = {Springer-Verlag},
  address = {London, UK},
 }

@article{snow05learning,
  title={{Learning syntactic patterns for automatic hypernym discovery}},
  author={Snow, R. and Jurafsky, D. and Ng, A.Y.},
  journal={Advances in Neural Information Processing Systems},
  volume={17},
  pages={1297--1304},
  year={2005},
}

@conference{snow06semantic,
  title={{Semantic taxonomy induction from heterogenous evidence}},
  author={Snow, R. and Jurafsky, D. and Ng, A.Y.},
  booktitle={Proceedings of the 21st International Conference on Computational Linguistics and the 44th annual meeting of the Association for Computational Linguistics},
  pages={801--808},
  year={2006},
  organization={Association for Computational Linguistics}
}

@inproceedings{snow08cheap,
  author = {Snow, Rion and O'Connor, Brendan and Jurafsky, Dan and Ng, Andrew Y.},
  year = 2008,
  title = {Cheap and fastâbut is it good?: Evaluating non-expert annotations for natural language tasks},
  booktitle = {Proceedings of the Conference on Empirical Methods in Natural Language Processing (EMNLP)},
  publisher = {Association for Computational Linguistics},
  location = {Honolulu, Hawaii},
  pages = {254--263},
}

@inproceedings{snyder04english,
  author = {Snyder, Benjamin and Martha Palmer},
  year= 2004,
  title ={The English all-words task},
  booktitle = {3rd International Workshop on Semantic Evaluations (SensEval-3) at ACL-2004},
  pages= {41--43},
  location={Barcelona, Spain},
}

@incollection{sogaard10robust,
  title={Robust semi-supervised and ensemble-based methods in word sense disambiguation},
  author={S{\o}gaard, Anders and Johannsen, Anders},
  booktitle={Advances in Natural Language Processing},
  pages={401--405},
  year={2010},
  publisher={Springer}
}

@inproceedings{song04concept,
  author = {D. Song and P. D. Bruza and R. Cole},
  year = 2004,
  title = {Concept learning and information inference on a high-dimensional semantic space},
  booktitle = {Proceedings ACM SIGIR 2004 Workshop on Mathematical/Formal Methods in Information Retrieval (MF/IR 2004)},
}

@inproceedings{speer08analogyspace,
  title = {Analogy{S}pace: Reducing the Dimensionality of Commonsense Knowledge},
  author = {Robert Speer and Catherine Havasi and Henry Lieberman},
  booktitle = {Conference of the Association for the Advancement of Artificial Intelligence (AAAI-08)},
  location = {Chicago},
  month = {July},
  year = 2008,
}

@article{spiegel77science,
  title={{Science studies: Bibliometric and content analysis}},
  author={Ina Spiegel-R\"{o}sing},
  journal={Social Studies of Science},
  volume={7},
  number={1},
  pages={97--113},
  issn={0306-3127},
  year={1977},
}

@inproceedings{stevens12evaluating,
  title={Evaluating unsupervised ensembles when applied to word sense induction},
  author={Stevens, Keith},
  booktitle={Proceedings of ACL 2012 Student Research Workshop},
  pages={25--30},
  year={2012},
  organization={Association for Computational Linguistics}
}

@inbook{steyvers04word,
  author = {M. Steyvers and R. M. Shiffrin and D. L. Nelson},
  title = {Word association spaces for predicting semantic similarity effects in episodic memory},
  booktitle = {Cognitive Psychology and its Applications: Festschrift in Honor of Lyle Bourne},
  editor = {Walter Kintsch and Thomas Landauer},
  year = 2004,
  publisher = {American Psychological Assocation},
}

@article{steyvers07probabilistic,
  title={Probabilistic topic models},
  author={Steyvers, Mark and Griffiths, Tom},
  journal={Handbook of latent semantic analysis},
  volume={427},
  number={7},
  pages={424--440},
  year={2007},
  publisher={Mahwah, NJ, USA: Lawrence Erlbaum Associates, Inc}
}

@inproceedings{stokoe03word,
  title={Word sense disambiguation in information retrieval revisited},
  author={Stokoe, C. and Oakes, M.P. and Tait, J.},
  booktitle={Proceedings of the 26th annual international ACM SIGIR conference on Research and development in informaion retrieval},
  pages={159--166},
  year={2003},
  organization={ACM}
}

@book{surowiecki2005wisdom,
  title={The wisdom of crowds},
  author={Surowiecki, J.},
  year={2005},
  publisher={Anchor}
}

@article{szell10multirelational,
  title={Multirelational organization of large-scale social networks in an online world},
  author={Szell, M. and Lambiotte, R. and Thurner, S.},
  journal={PNAS},
  volume={107},
  number={31},
  pages={13636},
  year={2010},
  publisher={National Acad Sciences}
}

@article{teh06hierarchical,
  title={Hierarchical dirichlet processes},
  author={Teh, Y.W. and Jordan, M.I. and Beal, M.J. and Blei, D.M.},
  journal={Journal of the American Statistical Association},
  volume={101},
  number={476},
  pages={1566--1581},
  year={2006},
  publisher={American Statistical Association}
}

@conference{terra03frequency,
  title={{Frequency estimates for statistical word similarity measures}},
  author={Egidio Terra and C.L.A. Clarke},
  booktitle={Proceedings of the HLT/NAACL},
  year={2003}
}

@phdthesis{teufel99argumentative,
  title={{Argumentative zoning: Information extraction from scientific text}},
  author={Simone Teufel},
  journal={University of Edinburgh},
  year={1999},
}

@conference{teufel06automatic,
  title={{Automatic classification of citation function}},
  author={Simone Teufel and Advaith Siddharthan and Dan Tidhar},
  booktitle={Proceedings of the 2006 Conference on Empirical Methods in Natural Language Processing},
  pages={103--110},
  year={2006},
  organization={Association for Computational Linguistics}
}

@conference{teufel06annotation,
  title={{An annotation scheme for citation function}},
  author={Simone Teufel and Advaith Siddharthan and Dan Tidhar},
  booktitle={Proceedings of the 7th SIGdial Workshop on Discourse and Dialogue},
  pages={80--87},
  year={2006},
  organization={Association for Computational Linguistics}
}

@article{tibshirani00estimating,
  author = {Robert Tibshirani and Guenther Walther and Trevor Hastie},
  title = {Estimating the number of clusters in a dataset via the Gap statistic},
  journal = {Journal Royal Statistics Society B},
  year = {2000},
  volume = {63},
  pages = {411--423}
}

@article{toutanova03feature,
  author = {Kristina Toutanova and Dan Klein and Christopher Manning and Yoram Singer},
  year = 2003,
  title = {Feature-Rich Part-of-Speech Tagging with a Cyclic Dependency Network},
  booktitle = {Proceedings of HLT-NAACL 2003},
  pages = {252--259},
}

@inproceedings{turney01mining,
  author = {Peter D. Turney},
  title = {Mining the Web for synonyms: {PMI-IR} versus {LSA} on {TOEFL}},
  booktitle = {Proceedings of the Twelfth European Conference on Machine Learning (ECML-2001)},
  editors = {L. De Raedt and P. A. Flach},
  year = 2001,
  location = {Germany},
  publisher = {Springer},
  pages = {491--502},
}

@inproceedings{turney03combining,
  author = {Peter D. Turney and Michael L. Littman and Jeffrey Bigham and Victor Shnayder},
  year = 2003,
  title = {Combining independent modules to solve multiple-choice synonym and analogy problems},
  booktitle = {Proceedings of the International Conference on Recent Advances in Natural Language Processing (RANLP-03)},
  location = {Borovets, Bulgaria},
  pages = {482--489},
}
 
@article{turney05corpus,
  author = {Peter D. Turney and Michael L. Littman},
  title = {Corpus-based Learning of Analogies and Semantic Relations},
  journal = {Machine Learning},
  volume = {60},
  number = {1-3},
  year = {2005},
  pages = {251--278},
  publisher = {Kluwer Academic Publishers},
  address = {Hingham, MA, USA},
}

@inproceedings{turney05measuring,
  author = {Peter D. Turney},
  year = 2005,
  title = {Measuring semantic similarity by latent relational analysis},
  booktitle = {Proceedings of the Nineteenth International Joint Conference on Artificial Intelligence (IJCAI-05)},
  location = {Edinburgh, Scotland},
  pages = {1136--1141},
}

@inproceedings{turney06expressing,
  author = {Peter D. Turney},
  booktitle = {Proceedings of the 21st International Conference on Computational Linguistics and 44th Annual Meeting of the Association for Computational Linguistics (Coling/ACL-06)},
  location = {Sydney, Australia},
  pages = {313--320},
  year = 2006,
  title = {{Expressing Implicit Semantic Relations without Supervision}},
}

@article{turney06similarity,
  author = {Peter D. Turney},
  title = {Similarity  of Semantic Relations},
  journal = {Computational Linguistics},
  volume = {32},
  number = {3},
  year = {2006},
  pages = {379--416},
  publisher = {MIT Press},
  address = {Cambridge, MA, USA},
}

@techreport{turney07empirical,
  author = {Peter D. Turney},
  title = {Empirical Evaluation of Four Tensor Decomposition Algorithms},
  year = 2007,
  institution = {National Research Council Canada},
  note = {NRC 49877},
}

@inproceedings{turney08uniform,
  author = {Peter D. Turney},
  title = {A uniform approach to analogies, synonyms, antonyms, and associations},
  booktitle = {COLING '08: Proceedings of the 22nd International Conference on Computational Linguistics},
  year = {2008},
  pages = {905--912},
  location = {Manchester, United Kingdom},
  publisher = {Association for Computational Linguistics},
  address = {Morristown, NJ, USA},
}

@article{turney10frequency,
  title={{From Frequency to Meaning: Vector Space Models of Semantics}},
  author={Peter D. Turney and Patrick Pantel},
  journal={Journal of Artificial Intelligence Research},
  volume={37},
  pages={141--188},
  year={2010}
}

@article{tversky77features,
  author = {Amos Tversky},
  title = {Features of similarity},
  journal = {Psychological Review},
  volume = 84,
  pages = {327--352},
  year = 1977,
}

@inproceedings{utsumi10exploring,
  title={{Exploring the Relationship between Semantic Spaces and Semantic Relations}},
  author={Akira Utsumi},
  booktitle = {{Proceedings of the 7th International Conference on Language Resources and Evaluation (LREC'2010)}},
  pages = {257--262},
  year = 2010,
}

@phdthesis{vandongen00graph,
  author = {van Dongen, Stijn}, 
  title = {Graph Clustering by Flow Simulation},
  school={University of Utrecht},
  month={May},
  year={2000},
}

@inproceedings{vandecruys11latent,
  author = {Van de Cruys, Tim and Marianna Apidianaki},
  title = {{Latent Semantic Word Sense Induction and Disambiguation}},
  booktitle = {Proceedings of the 49th Annual Meeting of the Association for Computational Linguistics: Human Language Technologies (ACL/HLT)},
  pages = {1476-â1485},
  year = 2011,
 }

@inproceedings{veronis98study,
  author = {V\'{e}ronis, J.},
  year = 1998, 
  title = {A study of polysemy judgments and inter-annotator agreement},
  booktitle = {Proceedings of SENSEVAL-1},
}

@article{veronis04hyperlex,
  title={{HyperLex: lexical cartography for information retrieval}},
  author={V{\'e}ronis, J.},
  journal={Computer Speech \& Language},
  volume={18},
  number={3},
  pages={223--252},
  issn={0885-2308},
  year={2004},
  publisher={Elsevier}
}

@inproceedings{vickrey05word,
  title={Word-sense disambiguation for machine translation},
  author={Vickrey, D. and Biewald, L. and Teyssier, M. and Koller, D.},
  booktitle={Proceedings of the conference on Human Language Technology and Empirical Methods in Natural Language Processing},
  pages={771--778},
  year={2005},
  organization={Association for Computational Linguistics}
}

@conference{vlachos11evaluating,
  title={Evaluating unsupervised learning for natural language processing tasks},
  author={Andreas Vlachos},
  year=2011,
  booktitle={Proceedings of the First Workshop on Unsupervised Learning in NLP},
}

@article{vinh10information,
  title={Information theoretic measures for clusterings comparison: Variants, properties, normalization and correction for chance},
  author={Vinh, N.X. and Epps, J. and Bailey, J.},
  journal={The Journal of Machine Learning Research},
  volume={11},
  pages={2837--2854},
  year={2010},
  publisher={JMLR. org}
}

@techreport{vinokourov2002finding,
  author = {Vinokourov, A. and Shawe-Taylor, J. and Cristianini, N.},
  title = {Finding {L}anguage-{I}ndependent {S}emantic {R}epresentation of {T}ext
	using {K}ernel {C}anonical {C}orrelation {A}nalysis},
  institution = {Neurocolt},
  year = {2002},
  note = {NeuroCOLT Technical Report NC-TR-02-119},
}

@article{wand93comparison,
  title={Comparison of smoothing parameterizations in bivariate kernel density estimation},
  author={Wand, MP and Jones, MC},
  journal={Journal of the American Statistical Association},
  volume={88},
  number={422},
  pages={520--528},
  year={1993},
  publisher={Taylor \& Francis}
}

@article{wang07enhancing,
  title={{Enhancing Relation Extraction by Eliciting Selectional Constraint Features from Wikipedia}},
  author={Gang Wang and Huajie Zhang and Haofen Wang and Yong Yu},
  journal={Natural Language Processing and Information Systems},
  pages={329--340},
  publisher={Springer},
  year = 2007,
}

@inproceedings{wang07pore,
  title={{Pore: Positive-only relation extraction from Wikipedia text}},
  author={Gang Wang and Yong Yu and Haiping Zhu},
  booktitle={The 6th International Semantic Web Conference},
  pages={580--594},
  publisher={Springer},
  year = 2007,
}

@conference{wang10mining,
  title={{Mining advisor-advisee relationships from research publication networks}},
  author={Chi Wang and Jiawei Han and Yuntao Jia and Jie Tang and Duo Zhang and Yintao Yu and and Jingyi Guo},
  booktitle={Proceedings of the 16th ACM SIGKDD international conference on Knowledge discovery and data mining},
  pages={203--212},
  year={2010},
  organization={ACM}
}

@inproceedings{wang10discovering,
  title={Discovering overlapping groups in social media},
  author={Wang, X. and Tang, L. and Gao, H. and Liu, H.},
  booktitle={Data Mining (ICDM), 2010 IEEE 10th International Conference on},
  pages={569--578},
  year={2010},
  organization={IEEE}
}

@article{watts98collective,
  title={Collective dynamics of âsmall-worldânetworks},
  author={Watts, D.J. and Strogatz, S.H.},
  journal={Nature},
  volume={393},
  number={6684},
  pages={440--442},
  year={1998},
  publisher={Nature Publishing Group}
}

@inbook{weaver49translation,
  author = {Weaver, W},
  year = 1949,
  title= {Translation. Mimeographed},
  pages =  12,
  month= {July},
  day= 15,
  year=1949,
  booktitle={Machine translation of languages},
  editors={Locke, William N. and Booth, A. Donald},
  reprintYear=1955,
  publisher={John Wiley \& Sons},
  location={New York},
 } 
% 15-23

@article{white04citation,
  title={{Citation analysis and discourse analysis revisited}},
  author={Howard D. White},
  journal={Applied Linguistics},
  volume={25},
  number={1},
  pages={89},
  issn={0142-6001},
  year={2004},
}

@inproceedings{whitehill00whose,
  title={Whose Vote Should Count More: Optimal Integration of Labels from Labelers of Unknown Expertise},
  author={Whitehill, J. and Ruvolo, P. and Wu, T. and Bergsma, J. and Movellan, J.},
  booktitle={Advance in Neural Information Processing Systems},
  year=2000,
}

@inproceedings{widdows02graph,
  title={A graph model for unsupervised lexical acquisition},
  author={Widdows, Dominic and Dorow, Beatrice},
  booktitle={Proceedings of the 19th international conference on Computational linguistics-Volume 1},
  pages={1--7},
  year={2002},
  organization={Association for Computational Linguistics}
}

@inproceedings{widdows03orthogonal,
  title = {Orthogonal negation in vector spaces for modelling word-meanings and document retrieval},
  author = {Dominic Widdows},
  booktitle = {Proceedings of the 41st Annual Meeting of the Association for Computational Linguistics (ACL)},
  year = 2003,
}

@conference{widdows03unsupervised,
  title={{Unsupervised methods for developing taxonomies by combining syntactic and statistical information}},
  author={Widdows, Dominic},
  booktitle={Proceedings of the HLT/NAACL},
  pages={197--204},
  year={2003}
}

@article{xie13overlapping,
  title={Overlapping community detection in networks: the state of the art and comparative study},
  author={Xie, J. and Kelley, S. and Szymanski, B.K.},
  journal={ACM Computing Surveys},
  volume=45,
  number=4,
  year={2013}
}

@conference{yan09unsupervised,
  title={{Unsupervised relation extraction by mining Wikipedia texts using information from the web}},
  author={Yulan Yan and Naoaki Okazaki and Yutaka Matsuo and Zhenglu Yang and Mitsuru Ishizuka},
  booktitle={Proceedings of the Joint Conference of the 47th Annual Meeting of the ACL and the 4th International Joint Conference on Natural Language Processing of the AFNLP: Volume 2-Volume 2},
  pages={1021--1029},
  year={2009},
  organization={Association for Computational Linguistics}
}

@article{yan09integrated,
  title={{An Integrated Approach for Relation Extraction from Wikipedia Texts}},
  author={Yulan Yan and Yutaka Matsuo and Mitsuru Ishizuka},
  journal={CAW2. 0},
  year={2009},
  location={Madrid, Spain}
}

@inproceedings{yang99re,
  title={A re-examination of text categorization methods},
  author={Yang, Y. and Liu, X.},
  booktitle={Proceedings of the 22nd annual international ACM SIGIR conference on Research and development in information retrieval},
  pages={42--49},
  year={1999},
  organization={ACM}
}

@article{yang07community,
  title={{Community mining from signed social networks}},
  author={Bo Yang and William K. Cheung and Jiming Liu},
  journal={IEEE transactions on knowledge and data engineering},
  pages={1333--1348},
  issn={1041-4347},
  year={2007},
  publisher={Published by the IEEE Computer Society}
}

@inproceedings{yao11nonparametric,
  title={Nonparametric bayesian word sense induction},
  author={Yao, X. and Van Durme, B.},
  year={2011},
  booktitle={Proceedings of TextGraphs-6: Graph-based Methods for Natural Language Processing}
}

@conference{yates07unsupervised,
  title={{Unsupervised resolution of objects and relations on the Web}},
  author={Alexander Yates and Oren Etzioni},
  booktitle={Proceedings of NAACL HLT},
  pages={121--130},
  year={2007}
}

@conference{stolcke02srilm,
  title={{SRILM -- An Extensible Language Modeling Toolkit}},
  author={Andreas Stolcke},
  booktitle={Proceedings International Conference on Spoken 
  Language Processing vol. 2},
  pages={901--904},
  year={2002}
}

@article{yates09unsupervised,
  title={{Unsupervised Methods for Determining Object and Relation Synonyms on the Web}},
  author={Alexander Yates and Oren Etzioni},
  journal={Journal of Artificial Intelligence Research},
  volume = 34,
  pages={255--296},
  year={2009}
}

@conference{yuret10semeval,
  title={{Semeval-2010 task 12: Parser evaluation using textual entailments}},
  author={Deniz Yuret and Aydin Han and Zehra Turgut},
  booktitle={Proceedings of the 5th International Workshop on Semantic Evaluation},
  pages={51--56},
  year={2010},
  organization={Association for Computational Linguistics}
}

@article{zelnik04self,
  title={{Self-tuning spectral clustering}},
  author={Lihi Zelnik-Manor and Pietro Perona},
  journal={Advances in neural information processing systems},
  volume={17},
  number={1601-1608},
  pages={16},
  year={2004},
  publisher={Citeseer}
}

@article{zhang05improving,
  journal = {Neural Processing Letters},
  title = {Improving the Robustness of âOnline Agglomerative Clustering Methodâ Based on Kernel-Induce Distance Measures},
  volume = 21,
  issue = 1,
  pages = {45 -- 51},
  year = 2005,
  author = {Daoqiang Zhang and Songcan Chen and Keren Tan},
}

@inproceedings{zhao02clustering,
 author = {Zhao, Ying and Karypis, George},
 title = {Evaluation of hierarchical clustering algorithms for document datasets},
 booktitle = {CIKM '02: Proceedings of the eleventh international conference on Information and knowledge management},
 year = {2002},
 isbn = {1-58113-492-4},
 pages = {515--524},
 location = {McLean, Virginia, USA},
 doi = {http://doi.acm.org/10.1145/584792.584877},
 publisher = {ACM},
 address = {New York, NY, USA},
}

@article{zhao05hierarchical,
  author = {Ying Zhao and George Karypis},
  year = 2005,
  title = {Hierarchical clustering algorithms for document datasets},
  journal = {Data Mining and Knowledge Discovery},
  volume = 10,
  number = 2,
  pages = {141â-168},
}

@inproceedings{zhu10analysis,
  title={An analysis of assessor behavior in crowdsourced preference judgments},
  author={Zhu, D. and Carterette, B.},
  booktitle={SIGIR Workshop on Crowdsourcing for Search Evaluation},
  pages={21--26},
  year={2010}
}

@incollection{Maron2010,
author = {Maron, Yariv and Lamar, Michael and Bienenstock, Elie},
booktitle = {Advances in Neural Information Processing Systems 23},
editor = {Lafferty, J and Williams, C K I and Shawe-Taylor, J and Zemel, R S and Culotta, A},
pages = {1567--1575},
title = {{Sphere Embedding: An Application to Part-of-Speech Induction}},
year = {2010}
}

@article{Zhong2010,
author = {Zhong, Zhi and Ng, HT},
journal = {Proceedings of the ACL 2010 System Demonstrations},
title = {{It makes sense: A wide-coverage word sense disambiguation system for free text}},
url = {http://dl.acm.org/citation.cfm?id=1858947},
year = {2010}
}
@INPROCEEDINGS{ukWaC,
    author = {Adriano Ferraresi and Eros Zanchetta and Marco Baroni and Silvia Bernardini},
    title = {Introducing and evaluating ukwac, a very large web-derived corpus of english},
    booktitle = {In Proceedings of the 4th Web as Corpus Workshop (WAC-4},
    year = {2008}
}


@article{fastsubs,
  title={Fastsubs: An efficient and exact procedure for finding the most likely lexical substitutes based on an n-gram language model},
  author={Yuret, Deniz},
  journal={Signal Processing Letters, IEEE},
  volume={19},
  number={11},
  pages={725--728},
  year={2012},
  publisher={IEEE}
}

@book{van1979information,
  title={Information Retrieval. 1979},
  author={van Rijsbergen, CJ},
  year={1979},
  publisher={Butterworth}
}

@incollection{apidianaki2011quantitative,
  title={A quantitative evaluation of global word sense induction},
  author={Apidianaki, Marianna and Van de Cruys, Tim},
  booktitle={Computational Linguistics and Intelligent Text Processing},
  pages={253--264},
  year={2011},
  publisher={Springer}
}


\end{filecontents*}
